5400 7059
515 750 526 802 l
538 750 586 804 1¹55

514 879 597 916 meant
621 877 672 914 nou
691 860 833 932 dispeream
847 861 876 914 ab
896 877 934 922 eo,
951 875 1029 928 neque
1049 855 1140 908 troo-bo
1156 855 1182 906 iu
1201 851 1303 905 acritate

514 975 580 1010 sareu.
595 955 635 1009 hd
649 956 699 1010 hoc
711 955 783 1010 enim
795 971 846 1008 nou
860 954 1027 1023 dispergetur
1040 947 1220 1004 misericordia
1236 945 1302 1000 lihe-

514 1048 606 1112 rantis,
620 1063 655 1101 tto
669 1055 762 1101 ttocoat
773 1046 870 1101 ueritas
880 1044 1045 1098 vinolentis.

551 1140 576 1194 l.
592 1139 682 1209 Neque
692 1137 832 1210 profanabo
845 1143 1018 1192 testamcutum
1027 1151 1127 1198 ιιιιιιιιι,Ι
1141 1144 1163 1186 ιι
1177 1146 1233 1200 quoe
1243 1145 1302 1200 pro·

515 1233 606 1286 cedunt
618 1231 650 1284 de
662 1229 736 1283 labiis
746 1229 807 1282 meis
818 1245 868 1282 uon
878 1227 1024 1296 reprobabo.
1038 1224 1095 1279 Noa
1111 1223 1171 1293 quia
1186 1220 1229 1274 ltlii
1243 1219 1302 1288 ejtts

515 1335 637 1394 peccant,
655 1323 715 1378 ideo
727 1339 777 1394 ego
790 1321 905 1376 mendax
920 1319 1041 1374 inveniar
1057 1336 1063 1369 :
1081 1314 1205 1386 promisi,
1221 1311 1300 1368 lucio.

513 1419 585 1472 ’aare
599 1419 660 1488 qnia
679 1415 772 1470 rolant
786 1414 822 1468 illi
842 1414 922 1468 etiam
937 1426 998 1467 cont
1010 1408 1195 1478 desperatione
1205 1419 1300 1475 pacm·

512 1526 553 1572 re,
567 1509 645 1562 etsie
658 1507 696 1561 ire
708 1505 818 1559 onmino
831 1503 856 1557 iu
871 1511 991 1571 peccata,
1006 1507 1035 1555 nt
1054 1496 1189 1555 offendant
1208 1496 1301 1551 oculos

515 1600 622 1663 Patris,
651 1607 678 1652 et
697 1583 862 1652 eritaeredari
879 1601 1046 1656 mercantum
1073 1604 1162 1644 nonne
1182 1589 1239 1658 ipsc
1259 1595 1301 1642 est

513 1694 582 1746 lteris
595 1691 696 1760 dequo
709 1688 862 1753 dictumest
879 1704 885 1739 :
901 1684 941 1738 De
951 1681 1079 1753 lapidibus
1092 1682 1147 1735 istis
1171 1677 1301 1734 suscitabit

514 1783 580 1848 aaa
594 1758 821 1849 tetartemoria.
835 1792 874 1843 ιιι,
887 1773 939 1844 tqt
954 1774 1044 1843 taque
1062 1771 1123 1826 orco
1143 1771 1228 1833 votas,
1245 1770 1302 1835 na-¹

513 1886 586 1929 tres:
603 1872 680 1925 rnrtlti
692 1869 828 1925 christiani
845 1867 1017 1945 tolerabiliter
1027 1871 1148 1935 peceant,
1162 1861 1236 1916 molti
1253 1861 1301 1914 lla-
1330 1863 1332 1869 '

513 1967 605 2037 qnlloa
620 1972 730 2034 peceato
743 1962 921 2032 corriguntur,
934 1970 961 2014 et
971 1958 1156 2022 emendantur,
1167 1964 1194 2010 et
1204 1969 1300 2008 sanan·

515 2071 572 2117 tur:
588 2057 663 2111 molti
689 2055 799 2108 omuino
821 2051 917 2116 auersi,
931 2050 997 2106 dora
1022 2048 1126 2104 ceruice
1149 2046 1299 2101 obnitentes

516 2153 638 2206 arii-ersus
653 2148 820 2217 disciplinam
849 2145 943 2209 Patris,
968 2151 995 2198 et
1027 2141 1110 2212 ipsam
1127 2139 1236 2194 onmiuo
1252 2136 1299 2192 hei

516 2243 697 2314 paternitatem
718 2241 917 2302 ιιιιιιιιιιιιι,
937 2233 1065 2289 habentes
1082 2243 1169 2287 tamen
1193 2230 1299 2300 signum

514 2325 619 2399 Christi,
638 2340 703 2387 eant
716 2330 742 2384 in
758 2330 824 2383 tales
847 2325 1015 2396 iniquitates,
1029 2334 1058 2378 nt
1072 2337 1125 2377 nort
1141 2321 1224 2391 possit
1247 2318 1298 2373 nisi

516 2427 616 2482 recitari
632 2433 726 2481 cottlra
742 2437 798 2487 cos,
817 2421 943 2488 Quoniam
956 2419 1000 2490 qui
1013 2418 1074 2471 talia
1092 2424 1182 2487 aptat,
1194 2430 1299 2486 reanum

516 2521 558 2573 liei
575 2535 628 2572 non
654 2515 813 2587 possidebunt
832 2511 929 2586 (Galat.
941 2527 968 2577 r,
982 2509 1039 2581 bl).
1053 2507 1110 2564 Non
1125 2519 1213 2563 tamen
1237 2519 1299 2576 pro·

516 2622 568 2681 pter
585 2610 637 2664 hos
658 2607 806 2664 remanebit
828 2605 949 2662 Christus
973 2606 1031 2659 sine
1053 2601 1228 2657 hereditate:
1244 2612 1297 2654 aon

515 2701 730 2775 propterpaleattt
744 2700 823 2755 etiam
837 2698 968 2753 lrumeota
979 2694 1126 2750 interibunt
1135 2693 1242 2762 (barra.
1257 2708 1295 2759 tn,

517 2797 573 2871 tlh
600 2811 656 2850 non
676 2803 786 2865 propter
798 2792 887 2861 pisces
902 2788 985 2843 malos
999 2787 1065 2842 nihil
1079 2802 1113 2840 ex
1132 2785 1175 2840 illa
1200 2799 1297 2856 sagena

516 2889 630 2944 mittetur
644 2885 671 2940 ia
683 2882 788 2940 vascula
801 2882 810 2951 (
823 2880 867 2936 ld.
881 2885 938 2946 stit,
953 2879 997 2942 ti,
1008 2877 1064 2948 t8).
1080 2877 1157 2931 Novit
1171 2876 1298 2931 Dominus

515 2982 556 3052 qui
571 2989 635 3035 sunt
646 2979 705 3049 ejus
719 2976 753 3048 (li
775 2975 841 3030 lint.
865 2986 893 3040 ιι,
909 2972 967 3042 ιιι).
982 2970 1098 3027 Securus
1111 2971 1181 3023 enim
1197 2970 1296 3040 promi-

515 3074 556 3140 sit,
569 3073 615 3144 qui
639 3084 689 3126 nos
703 3078 845 3138 antequam
858 3078 981 3121 essemus
992 3061 1190 3134 praedestinavit
1206 3080 1213 3116 :
1229 3063 1298 3129 eros

514 3175 594 3220 autent
602 3161 800 3234 predestinavit,
815 3160 873 3214 illos
886 3168 909 3213 et
924 3157 1017 3211 ιιιιιιιι
1025 3173 1036 3222 ;
1050 3172 1110 3225 ques
1124 3165 1207 3209 autem
1221 3170 1298 3210 nora-

513 3257 560 3322 rit,
579 3255 640 3310 illas
657 3262 682 3309 ιι
699 3251 867 3325 justifirauit;
887 3265 949 3319 quoa
962 3259 1047 3302 autem
1055 3247 1218 3318 justificavit,
1240 3245 1299 3301 iilos

512 3361 535 3404 ιι
556 3347 718 3419 alarifiraait.
746 3336 863 3400 Pececnt‘
888 3349 1015 3412 quantum
1032 3330 1124 3394 volent
1141 3335 1306 3406 desperatis.

512 3438 692 3510 respondeant
707 3434 824 3491 membra
839 3431 948 3497 Christi,
963 3431 994 3486 Si
1012 3429 1082 3485 Deus
1093 3446 1139 3500 pro
1150 3426 1230 3492 uobis,
1241 3427 1298 3500 quis

510 3519 655 3588 contrane·
665 3529 751 3600 (Rom.
762 3542 818 3595 rut,
833 3526 930 3598 ιιι-51)
940 3524 953 3578 ‘l
963 3524 1020 3578 Non
1034 3538 1097 3593 ergo
1110 3522 1218 3576 nocebit
1229 3522 1298 3576 licus

510 3623 664 3680 inveritate
688 3634 750 3684 stta,
773 3633 823 3674 nee
838 3615 989 3688 profanabit
1007 3623 1194 3671 testamentum
1208 3627 1297 3668 suom.

511 3717 601 3773 Manet
626 3713 762 3770 immobile
782 3718 970 3766 testamentum
990 3708 1058 3776 ejas,
1074 3707 1135 3777 qttia
1165 3707 1221 3776 ipse
1247 3705 1297 3760 sibi

510 3810 657 3883 praesciens
669 3803 867 3877 predestinavit
883 3799 1004 3856 haeredes
1019 3817 1026 3854 :
1039 3806 1065 3853 et
1079 3813 1138 3869 quae
1151 3798 1299 3868 procedunt

509 3899 545 3952 de
560 3894 637 3951 labiis
656 3893 723 3963 ejus,
740 3904 794 3945 uon
806 3886 969 3957 reprobabit.

546 3991 573 4045 5.
594 3986 670 4060 [tert.
687 3981 795 4055 atas]
815 3980 883 4038 tuot
910 3978 943 4032 ad
957 3973 1183 4031 conlirmatianem
1205 3985 1296 4042 tuam,

508 4082 573 4139 audi
586 4080 621 4136 ad
632 4079 803 4136 securitatem
816 4085 907 4133 trram,
923 4072 944 4125 si
959 4081 983 4127 te
999 4072 1025 4125 in
1053 4072 1181 4128 membris
1199 4070 1298 4127 Christi

509 4189 573 4228 esse
585 4168 734 4243 cognoscis.
749 4165 834 4222 Sentel
851 4165 938 4235 jurari
954 4165 980 4218 iu
1000 4172 1084 4217 sancto
1097 4180 1162 4229 ιιιιο,
1173 4163 1194 4217 si
1218 4161 1299 4216 liquid

509 4266 631 4318 mertias.
647 4260 795 4330 Exspectas
811 4267 840 4312 ut
869 4256 963 4311 iterum
988 4255 1061 4326 joret
1086 4255 1176 4309 licus?
1189 4253 1300 4321 Quoties

509 4361 648 4431 juraturus
658 4366 709 4421 est,
729 4353 751 4408 si
766 4351 848 4409 semel
859 4350 974 4422 iurando
994 4348 1144 4404 mentitur?
1157 4345 1243 4402 Unam
1254 4344 1299 4414 jo-

509 4451 644 4508 ratioaem
659 4463 707 4518 pro
720 4447 773 4501 uita
797 4452 887 4499 nostra
913 4441 1015 4508 ltahait,
1035 4441 1079 4510 qui
1099 4439 1242 4508 protrahis
1266 4435 1300 4491 ad

508 4552 629 4599 mortem
653 4539 763 4597 Unicum
783 4551 860 4592 sunm
873 4534 954 4589 misit.
971 4531 1056 4587 Semel
1073 4529 1161 4601 jurari
1175 4529 1300 4583 insonate

509 4653 584 4699 uteo,
594 4635 616 4687 si
634 4631 714 4685 liauid
728 4629 854 4696 meratius:
864 4641 948 4682 senten
962 4624 1017 4694 ejus
1031 4623 1057 4676 iu
1069 4631 1191 4677 aternum
1213 4637 1301 4699 mane·

509 4731 559 4782 bit.
573 4725 603 4780 lu
616 4734 742 4779 :eternum
754 4730 844 4779 manet
856 4734 946 4774 semen
961 4716 1036 4786 ejus3
1049 4714 1110 4784 quia
1123 4714 1199 4768 notit
1210 4712 1301 4768 Domi-

510 4835 566 4874 nus
581 4817 625 4886 qoi
639 4825 699 4870 suut
710 4812 778 4883 ejus.
791 4810 827 4864 m
841 4809 911 4864 sedes
928 4809 983 4879 eins
995 4807 1058 4860 siret
1071 4805 1109 4860 sol
1121 4805 1147 4858 iu
1165 4813 1301 4874 correpertu

509 4929 582 4975 nreo,
591 4920 614 4963 et
625 4908 690 4964 sicul
702 4908 763 4961 luna
771 4908 883 4976 perfecto
893 4903 919 4958 iu
929 4912 1070 4966 oternnot;
1085 4911 1107 4954 ct
1122 4900 1190 4983 testis
1202 4899 1228 4951 iu
1239 4897 1301 4952 coelo

510 5005 610 5075 fidelis.
633 4992 718 5058 Sedes
730 5000 799 5068 ejus,
818 4998 913 5068 quibos
927 4996 1089 5056 dorniaatur,
1104 4993 1131 5047 itt
1149 4992 1244 5062 quibus
1257 5005 1301 5045 se·

509 5101 570 5161 det,
584 5098 610 5149 iu
625 5096 720 5166 quibus
732 5100 833 5163 regnat.
847 5089 876 5145 Si
888 5090 966 5145 sedes
979 5088 1047 5159 ejus,
1059 5096 1085 5152 et
1096 5085 1214 5140 membra
1226 5084 1301 5153 ejus;

509 5191 575 5260 quia
591 5188 671 5241 ctiam
686 5186 804 5240 membra
819 5192 909 5237 nostra
931 5180 1009 5236 sedes
1022 5188 1084 5234 suot
1097 5178 1191 5248 capitis
1207 5176 1300 5231 nostri.

513 5283 611 5336 i'idetc
630 5277 853 5350 quemadmodum
866 5285 963 5330 caetera
977 5273 1066 5327 omnia
1079 5271 1197 5326 membra
1212 5280 1302 5324 nostra

510 5383 596 5443 eaput
609 5379 733 5442 portent:
746 5375 826 5438 eaput
840 5378 927 5422 autem
939 5365 1026 5436 ipsum
1040 5378 1162 5432 superse
1177 5377 1228 5415 aon
1241 5376 1302 5430 por-

511 5475 554 5521 tat
567 5462 687 5534 aliqtrid,
705 5460 755 5516 sed
771 5461 854 5530 ipsum
880 5467 1001 5527 portatur
1019 5471 1035 5510 a
1059 5455 1163 5510 ceteris
1176 5452 1303 5508 membris

513 5555 635 5621 suasuris,
650 5553 725 5623 quasi
741 5559 824 5606 totum
845 5564 944 5619 corpus
957 5547 1073 5601 heminis
1093 5545 1172 5600 sedes
1185 5546 1220 5599 sit
1232 5547 1305 5612 capi-

514 5651 561 5704 tis.
576 5647 662 5702 Sedes
674 5660 740 5716 ergo
762 5643 830 5713 ejus,
846 5657 939 5696 omnes
955 5642 981 5694 iu
997 5640 1092 5709 quibus
1106 5647 1198 5707 regnat
1212 5639 1281 5691 bees
1296 5679 1303 5701 ,

513 5744 557 5797 sie
575 5749 677 5803 crunt,
693 5739 798 5809 iuquit,
815 5737 841 5790 in
854 5742 996 5805 conspectu
1011 5748 1070 5787 ntea
1085 5733 1152 5786 sicut
1166 5730 1206 5784 sal
1223 5748 1228 5781 :
1245 5730 1304 5797 qnia

511 5833 580 5904 justi
595 5831 733 5900 litigabant
745 5830 771 5883 itt
786 5843 867 5897 regno
878 5827 964 5882 Patris
978 5825 1051 5880 mei²
1065 5824 1132 5878 sicat
1147 5823 1185 5877 sol
1200 5820 1304 5893 (llattb.

1013 738 1207 799 balaustio
1226 733 1259 790 m
1278 733 1439 792 Pstttttttt
1458 738 1619 800 LXXXb'ill.

2077 759 2145 815 tt3t

1358 848 1441 904 marios
1454 850 1559 920 (llattb.
1568 857 1657 928 aas).
1672 859 1789 932 beatique
1800 863 1848 919 iste
1861 865 1901 920 sol
1912 853 1937 922 iit
1946 881 2088 940 conspectu
2103 884 2144 930 cst

1358 956 1409 994 non
1424 943 1508 997 solam
1523 944 1669 1016 hominum,
1681 966 1774 1017 rerum
1790 955 1869 1009 otiam
1882 971 2006 1026 pecorum
2019 963 2142 1021 rttinatis-

1356 1034 1537 1107 sintarumqttc
1549 1055 1699 1096 mascarum
1715 1045 1804 1115 :qued
1817 1048 1889 1102 euim
1900 1042 2080 1120 quorumlibet
2101 1057 2140 1112 ri·

1356 1124 1517 1184 lissimorum
1541 1131 1693 1187 animalium
1710 1149 1763 1190 noa
1784 1138 1860 1196 ridet
1883 1140 1967 1197 solem
1989 1144 2087 1201 istuml
2108 1151 2143 1205 lit

1356 1233 1420 1271 roro
1438 1220 1472 1274 de
1493 1220 1539 1275 illo
1562 1223 1618 1279 sole
1641 1226 1704 1296 quid
1722 1228 1759 1282 ait
1773 1231 1898 1301 proprie?
1911 1232 2068 1292 Sicutsolin
2081 1256 2142 1294 con·

1354 1311 1440 1378 spectu
1451 1328 1515 1366 areo.
1529 1312 1586 1369 Non
1609 1316 1635 1371 in
1647 1326 1793 1388 conspectu
1804 1320 1952 1393 bominum,
1967 1341 2019 1381 non
2031 1328 2056 1382 in
2074 1344 2141 1386 con·

1355 1411 1445 1471 spectu
1456 1406 1553 1471 carnis,
1562 1420 1615 1462 noo
1629 1408 1656 1463 in
1664 1421 1808 1480 conspectu
1818 1415 1967 1470 mortalium
1976 1417 2140 1487 animalium,

1354 1492 1401 1546 sed
1422 1494 1449 1548 ιιι
1461 1507 1671 1578 conspecturum.
1687 1498 1722 1554 Et
1741 1491 1805 1556 sicut
1819 1504 1880 1560 luna
1902 1521 1911 1561 s
1925 1506 1972 1562 sed
1982 1524 2041 1578 qaae
2055 1511 2141 1567 lunai

1354 1581 1473 1655 Perfecta
1486 1588 1513 1641 iu
1527 1599 1657 1647 eternum.
1676 1591 1791 1662 Etenim,
1805 1595 1856 1651 etsi
1870 1597 2006 1668 perhcitur
2016 1599 2075 1656 lana
2090 1604 2140 1659 ista

1354 1690 1431 1746 qoam
1455 1679 1589 1748 norimus,
1618 1683 1670 1738 alto
1690 1685 1733 1740 die
1754 1685 1845 1760 incipit
1856 1688 1938 1744 minui
1950 1733 1956 1754 ,
1970 1700 2140 1764 posteaquam

1353 1769 1468 1839 perlecta
1494 1770 1584 1828 luerit.
1612 1775 1684 1830 Sicut
1708 1777 1779 1842 luna,
1794 1779 1889 1851 inquit,
1905 1787 2015 1854 perfecta
2031 1786 2057 1840 in
2069 1794 2141 1841 mter·

1353 1880 1434 1918 nuru:
1448 1866 1487 1921 sie
1513 1867 1663 1937 perficietur
1677 1870 1755 1927 sedes
1768 1873 1826 1942 ejus
1851 1883 1974 1947 tanquam
1989 1876 2069 1943 luna;
2092 1879 2140 1935 sed

1353 1954 1414 2009 latta
1428 1957 1453 2010 in
1468 1966 1594 2013 atomum
1607 1961 1732 2029 perlecta.
1746 1962 1774 2018 Si
1784 1964 1843 2033 sol,
1859 1981 1942 2036 quare
1956 1977 1983 2024 et
1993 1967 2076 2025 luna?
2089 1969 2139 2027 Per

1352 2042 1441 2099 loriam
1455 2048 1542 2103 solent
1554 2049 1703 2121 significare
1716 2052 1861 2124 Scripturas
1877 2057 2065 2115 mortalitatem
2077 2076 2137 2116 car·

1351 2140 1393 2191 nis
1407 2139 1498 2208 liujus,
1512 2154 1620 2212 propter
1631 2157 1772 2216 augmenta
1796 2158 1822 2204 et
1837 2149 2015 2216 decrementa,
2031 2163 2140 2225 propter

1352 2231 1529 2287 transitoriam
1557 2236 1683 2305 speeiem.
1710 2238 1828 2310 lienique
1842 2251 1868 2296 et
1882 2242 1987 2299 iericho
2002 2244 2074 2300 Luna
2097 2248 2139 2302 in·

1352 2329 1512 2391 terpretatur
1522 2343 1528 2377 :
1538 2335 1565 2381 et
1577 2328 1667 2398 utique
1680 2330 1787 2401 quidam
1798 2334 1842 2403 qui
1855 2333 2034 2393 descendebat
2044 2339 2078 2394 ab
2090 2339 2139 2396 le·

1351 2415 1467 2471 rusalem
1481 2418 1508 2473 in
1521 2417 1638 2490 lerieho,
1657 2423 1749 2480 incidit
1767 2425 1793 2481 itt
1810 2428 1927 2486 latrones
1939 2430 2012 2502 (Luc.
2025 2449 2051 2496 x,
2071 2433 2137 2507 ao);

1351 2505 1530 2566 descendebat
1541 2513 1611 2568 euim
1625 2514 1659 2570 ab
1674 2516 1873 2576 immortalitate
1885 2522 1918 2578 ad
1939 2525 2136 2582 mortalitatem.

1350 2595 1450 2653 Similis
1464 2611 1504 2656 est
1517 2616 1580 2673 erqo
1592 2618 1654 2659 caro
1666 2605 1715 2662 ista
1728 2608 1807 2678 luttre,
1821 2627 1880 2682 quse
1893 2615 1964 2669 omni
1979 2626 2098 2686 tempore
2111 2620 2153 2673 ιι
2234 2600 2239 2607 ”

1351 2692 1422 2745 orum
1436 2708 1527 2750 ruettse
1536 2697 1782 2770 patiturauqmenta
1792 2713 1819 2758 et
1832 2704 2016 2763 decrementa:
2028 2709 2074 2764 scd
2088 2712 2139 2766 crit

1349 2798 1413 2838 earo
1428 2785 1477 2841 ista
1492 2796 1580 2843 nostm
1595 2789 1620 2844 in
1636 2795 1831 2851 resurrectione
1850 2800 1984 2867 perlecta;
1997 2813 2020 2856 et
2035 2803 2139 2858 tertisin

1350 2874 1412 2928 caelo
1425 2874 1518 2943 fidelis.
1541 2877 1632 2950 ltaque
1651 2882 1717 2937 siin
1744 2871 1802 2940 solo
1827 2888 1917 2943 ausimo
1936 2890 2137 2960 perficeremur.

1351 2969 1534 3024 tantummodo
1547 2970 1596 3025 soli
1611 2986 1660 3027 nos
1672 2986 1858 3045 compararet;
1875 2994 1984 3047 rursus,
2001 2981 2023 3036 si
2039 2982 2137 3040 incolo

1351 3070 1464 3126 corpore
1477 3059 1676 3128 perficeremur,
1688 3066 1871 3122 tantummodo
1883 3067 1952 3125 lenm
1967 3087 2015 3128 nas
2028 3088 2137 3146 eompa-

1350 3160 1423 3206 rarct
1436 3170 1443 3207 ε
1457 3153 1505 3208 sed
1520 3155 1581 3224 quia
1595 3156 1714 3226 perficiet
1736 3174 1785 3215 nos
1799 3161 1869 3215 Deos
1879 3162 1943 3216 etin
1957 3164 2047 3220 auimo
2067 3175 2095 3223 et
2111 3167 2138 3224 in

1350 3257 1472 3312 corpore,
1495 3247 1641 3302 secondum
1666 3249 1784 3304 animum
1798 3251 1898 3307 dictum
1911 3263 1961 3317 est,
1976 3257 2040 3311 sieut
2053 3258 2093 3312 sol
2110 3254 2137 3314 in

1350 3345 1485 3405 conspectu
1495 3353 1549 3392 mea
1557 3354 1568 3405 ,·
1582 3342 1643 3410 quia
1657 3341 1773 3397 auitnum
1789 3358 1841 3398 noa
1853 3344 1925 3401 ridet
1939 3346 1991 3402 nisi
2006 3346 2075 3404 heus
2091 3368 2097 3405 :
2112 3360 2136 3406 ιι

1349 3425 1413 3479 sicut
1424 3426 1500 3496 luna,
1513 3427 1567 3498 jam
1580 3443 1663 3497 caro;
1685 3435 1796 3503 perfecta
1814 3433 1841 3488 ιιι
1856 3445 1987 3502 areauna,
2006 3438 2034 3493 ia
2046 3452 2136 3494 resur·

1350 3517 1470 3573 rectione
1495 3529 1679 3576 mortuorum:
1704 3533 1728 3577 et
1750 3523 1859 3579 testisiu
1880 3527 1943 3581 coelo
1963 3527 2137 3600 fidetiuquia

1350 3624 1413 3663 uera
1428 3608 1583 3665 dicebantur
1593 3612 1682 3668 omnia
1706 3613 1740 3669 de
1752 3617 1947 3672 resurrectione
1961 3626 2136 3675 mortuorum.

1350 3699 1468 3756 Obsecro
1481 3716 1537 3765 ros,
1559 3703 1649 3758 audite
1670 3703 1721 3760 boc
1739 3704 1834 3761 iterum
1847 3706 1962 3777 plantus,
1976 3719 2004 3764 ct
2016 3724 2138 3766 memen-

1351 3801 1423 3848 tote:
1438 3794 1493 3848 seio
1506 3795 1576 3850 euim
1588 3796 1717 3868 quosdam
1732 3799 1904 3868 intellexisse,
1922 3803 1988 3858 alios
2004 3818 2069 3860 vero
2082 3805 2137 3860 lor-

1351 3883 1432 3939 tussis
1444 3885 1506 3955 quid
1526 3885 1638 3941 dixerim
1656 3888 1742 3944 adhue
1754 3890 1899 3961 inquirere.
1925 3892 1952 3948 ln
1965 3893 2041 3949 uuila
2058 3910 2086 3951 re
2099 3896 2139 3952 sio

1351 3975 1542 4030 contradicitur
1555 3975 1614 4032 ltdei
1626 3978 1792 4047 christianae,
1810 3996 1889 4052 quum
1903 3983 1929 4038 in
1943 3986 2138 4042 resurrectione

1351 4068 1448 4122 carnis.
1465 4068 1583 4139 lienique
1597 4069 1640 4124 ille
1654 4070 1698 4139 qui
1712 4081 1788 4125 natos
1803 4083 1843 4128 cst
1858 4074 1884 4128 in
1900 4075 2003 4145 signum
2019 4078 2060 4130 cui
2074 4095 2138 4133 coa·

1352 4160 1488 4214 tradicitnr
1504 4159 1558 4231 (ld.
1574 4177 1601 4225 tt,
1617 4161 1674 4233 bl),
1696 4173 1723 4218 ιι
1736 4162 1819 4234 ipsam
1834 4181 1940 4222 caraem
1959 4184 2033 4224 suant
2047 4175 2138 4227 r'esus-

1351 4252 1456 4318 citarit,
1475 4261 1505 4308 nt
1520 4254 1622 4309 obuiam
1648 4256 1696 4311 iret
1715 4257 1919 4326 eorttradietori;
1945 4271 1973 4316 ct
1986 4264 2029 4331 qui
2049 4276 2140 4334 posset

1353 4344 1471 4398 membra
1487 4360 1533 4398 sne
1555 4345 1593 4400 sic
1606 4361 1716 4414 sanare,
1733 4358 1761 4403 ot
1784 4365 1815 4405 ea
1831 4351 1968 4408 rultrerata
1989 4354 2071 4411 luisse
2085 4373 2140 4413 non

1353 4443 1504 4504 appareret,
1519 4435 1657 4492 cicatrices
1670 4441 1785 4494 servarit
1805 4442 1832 4496 in
1852 4458 1974 4514 corpore,
1992 4454 2021 4501 ut
2044 4448 2141 4504 uulnus

1353 4524 1523 4579 dubitationis
1546 4535 1651 4582 sanaret
1669 4528 1695 4582 in
1710 4528 1800 4586 corde.
1817 4530 1845 4586 ht
1861 4533 1931 4588 nulla
1948 4549 2012 4606 crgo
2034 4551 2063 4592 re
2086 4545 2138 4593 tam

1353 4618 1540 4684 veliementer,
1557 4627 1609 4673 tam
1623 4621 1803 4690 pertinaciter,
1819 4633 1871 4678 tam
1887 4627 1982 4682 obnixe
1995 4639 2021 4684 ot
2034 4639 2141 4686 eonten-

1355 4710 1616 4767 tiosecotttradicitar
1627 4712 1686 4768 lidei
1698 4714 1860 4782 christinam,
1875 4718 1983 4774 sicutde
1995 4722 2084 4777 earnis
2096 4739 2140 4776 re-

1354 4804 1527 4858 surrectione.
1541 4802 1606 4857 Nam
1620 4803 1653 4858 de
1664 4805 1744 4861 animi
1757 4805 1954 4863 intmotmlitate
1973 4812 2048 4866 tnalti
2060 4813 2139 4867 etiam

1354 4897 1504 4968 philosophi
1518 4896 1641 4953 Gentium
1661 4899 1742 4952 ntulta
1757 4899 1969 4969 disputaverunt,
1983 4914 2009 4958 et
2031 4905 2141 4960 immor-

1357 4991 1438 5047 talem
1452 5006 1512 5046 esse
1526 4992 1644 5045 animum
1658 4991 1801 5046 itomanam
1815 4993 1935 5062 pluribus
1949 5007 1976 5050 et
1988 4998 2141 5067 tttultiplici·

1355 5086 1406 5142 hus
1420 5080 1494 5141 libris
1521 5086 1700 5155 conscriptam
1725 5087 1860 5140 memoriae
1883 5089 2046 5158 reliquerunt
2062 5107 2141 5145 :ruat

1355 5189 1463 5234 rentum
1474 5176 1553 5232 luerit
1565 5177 1597 5231 ad
1611 5177 1830 5232 resurrectionem
1845 5179 1942 5245 carnis,
1957 5180 2141 5248 uentitabant,

1356 5270 1402 5324 sed
1424 5269 1590 5338 apertissime
1602 5269 1798 5336 contradicunt,
1820 5279 1847 5323 et
1860 5272 2035 5326 contradictio
2049 5287 2140 5328 corum

1357 5362 1417 5416 talis
1427 5371 1476 5421 est.
1489 5359 1615 5417 tttdicattt
1630 5360 1685 5416 lteri
1700 5377 1752 5416 non
1768 5376 1847 5432 posse
1862 5372 1890 5417 ot
1903 5379 1965 5420 caro
1976 5366 2022 5418 ista
2040 5374 2143 5420 terrena

1358 5455 1440 5524 possit
1455 5455 1481 5508 ιιι
1496 5453 1591 5509 coelum
1607 5452 1761 5509 ascendere.
1776 5453 1837 5509 ldeo
1848 5455 1909 5508 luna
1924 5455 1971 5508 ista
1988 5453 2101 5522 perlaeta
2117 5455 2143 5510 itt

1358 5559 1497 5610 arternum,
1513 5555 1540 5599 ct
1550 5545 1677 5601 aduersos
1688 5562 1782 5602 omncs
1797 5546 2005 5601 contradictores
2019 5546 2093 5599 testis
2119 5546 2144 5597 in

1358 5639 1426 5694 coelo
1439 5640 1532 5692 lulclis
1896 5700 1898 5704 ,

1394 5730 1420 5785 li.
1436 5728 1511 5802 [ιιι-ι.
1536 5728 1640 5802 ab·.ttt.]
1656 5730 1716 5784 llaec
1739 5730 1774 5785 de
1790 5729 1896 5784 Christo
1922 5731 2050 5800 proruisse
2073 5743 2145 5797 sunt,

1360 5838 1439 5892 qnam
1454 5833 1537 5884 certa,
1564 5837 1642 5890 qaam
1668 5822 1757 5887 hrum,
1771 5837 1849 5890 qnam
1861 5832 1962 5891 aperta,
1978 5839 2055 5894 quam
2070 5825 2146 5879 indu.

512 5940 574 5985 xttr.
590 5922 708 5993 43).Sed
722 5922 761 5975 sol
774 5919 962 5989 spiritualium
977 5934 1029 5973 aon
1041 5915 1223 5986 corporaliter,
1240 5913 1308 5966 sicot
1363 5916 1453 5969 hiteta.
1469 5914 1545 5978 Nata,
1561 5915 1610 5967 etsi
1625 5913 1745 5982 quasdam
1761 5924 1823 5968 suut
1834 5922 1901 5968 tecta
1917 5917 2059 5986 ntystcriis,
2073 5932 2146 5988 qnae-

515 6020 593 6073 lucet
605 6016 656 6070 isto
679 6014 712 6069 de
735 6013 814 6079 coela,
839 6028 917 6081 quem
934 6010 996 6065 htcit
1007 6010 1071 6065 oriri
1085 6024 1165 6079 super
1179 6007 1263 6063 bonas
1282 6015 1308 6062 ιι
1363 6008 1423 6061 dam
1444 6018 1530 6059 tarueu
1546 6005 1585 6059 sic
1600 6004 1749 6070 inattilosta,
1766 6014 1844 6081 uitet
1865 6006 1929 6076 ipsis
1945 5997 2068 6064 facillime
2085 6026 2146 6080 ape·
2170 6072 2172 6076 4

550 6151 557 6179 ι
576 6148 612 6197 ιιι
623 6153 675 6196 ιιιι.
690 6154 713 6196 tr
725 6141 974 6215 mammillarum.

551 6214 561 6242 ¹
577 6212 645 6260 dorla.
658 6215 710 6271 ils,
720 6219 764 6258 alta.

1364 6102 1465 6154 riantur
1475 6100 1598 6152 obscura.
1612 6098 1673 6151 lianc
1684 6111 1744 6151 cam
1758 6097 1793 6152 ita
1808 6099 1871 6164 sint,
1888 6099 1973 6156 ridete
1991 6102 2053 6170 quid
2065 6104 2146 6171 seqni-

1365 6204 1406 6249 tur
1424 6211 1429 6246 :
1450 6211 1458 6244 ι
1479 6191 1518 6247 ta
1545 6206 1606 6246 tero
1622 6188 1761 6260 repulisti,
1777 6198 1804 6246 ιι
1818 6190 1857 6246 td
1875 6193 1985 6249 nihilum
2001 6191 2143 6257 delusisti,
