5400 7059
532 766 605 823 lilii

530 873 718 932 adserentem
730 885 855 942 magnum
877 871 903 930 in
919 874 1014 945 teipso.
1026 874 1092 930 Cum
1107 875 1196 931 auilito
1206 876 1328 931 contricio

531 967 574 1022 ira
591 965 703 1035 caeperit
716 978 839 1042 surgere,
857 977 885 1021 ut
898 965 994 1021 reddas
1008 964 1106 1018 malum
1122 979 1170 1035 pro
1185 966 1266 1031 inuio,
1285 979 1330 1019 re·

529 1058 650 1116 cordate
673 1060 754 1115 rerba
776 1058 897 1127 apostati
911 1075 918 1110 z
932 1056 993 1110 Non
1014 1057 1145 1110 reddentes
1165 1055 1260 1110 urcium
1284 1072 1331 1126 pro

531 1155 615 1217 niolo,
638 1167 717 1220 neque
736 1149 897 1203 ntoledictum
911 1164 957 1218 pro
970 1147 1101 1201 niuledicto
1117 1146 1137 1217 (l
1152 1146 1222 1200 Pctr.
1237 1162 1275 1210 ut,
1292 1146 1332 1219 9).

534 1247 584 1302 llis
597 1245 686 1300 serbis
696 1240 843 1297 recordatis
854 1241 953 1310 frangis
963 1239 1041 1301 iram,
1051 1249 1125 1293 tenes
1138 1237 1331 1305 lortitudiuenq

534 1351 561 1395 ct
578 1339 641 1410 quia
655 1351 745 1392 coram
759 1343 785 1389 te
798 1334 843 1388 ille
858 1333 904 1387 tibi
917 1331 1063 1397 maledixit,
1079 1345 1131 1384 non
1146 1341 1205 1400 post
1219 1327 1332 1384 dorsum

535 1441 625 1494 tuum,
639 1428 799 1498 pneciuctus
813 1442 842 1481 es
856 1426 910 1479 illa.

572 1523 601 1578 5.
622 1519 680 1575 bam
695 1527 791 1574 cetera
806 1517 961 1572 audiamus:
976 1514 1065 1569 breuis
1080 1524 1121 1569 est
1135 1513 1266 1578 Psalmus,
1291 1511 1333 1566 Et·

534 1610 606 1666 euim
626 1610 785 1678 confirmauit
800 1610 883 1663 orbern
896 1617 978 1672 terro,
1000 1606 1042 1676 qui
1063 1622 1113 1660 nou
1128 1604 1331 1659 commovebitur.

535 1703 653 1771 Videtis,
672 1702 779 1767 iratres,
802 1698 877 1754 multi
892 1697 1004 1753 credunt
1025 1696 1053 1750 in
1075 1695 1221 1759 Christum,
1237 1708 1333 1765 magua

536 1796 616 1850 turba
631 1804 673 1849 εει
683 1813 689 1847 :
700 1802 727 1848 ει
740 1803 827 1846 utinen
842 1791 868 1844 io
883 1789 932 1844 bac
944 1803 1038 1859 magam
1053 1788 1138 1852 turba,
1154 1785 1264 1842 audistis
1272 1801 1331 1841 mo·

536 1887 574 1942 do
596 1902 658 1941 cum
680 1884 853 1952 Eraugeiium
865 1882 1009 1951 legeretur,
1029 1878 1091 1949 quia
1105 1877 1194 1932 reniet
1206 1878 1333 1933 Dominus

537 1979 631 2032 tereus
644 1976 731 2046 palam
746 1975 772 2028 in
787 1988 867 2027 sirano
878 1987 937 2037 sua,
953 1981 980 2025 et
995 1969 1231 2025 mundabitaream
1245 1984 1331 2036 suam;

538 2066 703 2123 frumentum
722 2063 848 2119 recondet
861 2062 887 2115 in
901 2060 1008 2127 horreo,
1024 2060 1113 2130 paleas
1126 2059 1265 2114 comburet
1278 2059 1332 2129 igni

538 2156 745 2226 inexstinguibili
767 2152 873 2226 (lluttli.
896 2168 934 2217 ιιι,
952 2150 1007 2221 tt).
1024 2150 1092 2204 Sunt
1106 2165 1169 2221 crgo
1182 2164 1230 2218 pcr
1250 2158 1332 2204 totam

539 2260 639 2306 tertam
662 2256 688 2302 et
701 2246 763 2301 boui
778 2254 804 2299 et
818 2244 881 2299 mali
893 2263 898 2297 :
912 2243 972 2297 boni
988 2257 1069 2312 grana
1084 2252 1156 2308 sunt,
1170 2242 1230 2294 mali
1246 2242 1331 2310 palca.

537 2351 567 2405 lu
577 2356 668 2403 arebat
679 2341 758 2396 imru
769 2337 879 2409 tribula,
894 2335 996 2414 paleam
1006 2331 1132 2405 citiieidit,
1145 2333 1260 2391 triticum
1270 2349 1333 2408 pus.

537 2450 594 2512 gat.
606 2439 671 2505 Quis
685 2447 725 2492 εει
740 2450 803 2506 ergo
816 2434 888 2488 orbis
901 2441 1031 2487 terrarum
1044 2432 1089 2501 qui
1103 2446 1153 2483 non
1168 2430 1332 2483 cotrirnouebi·

538 2530 601 2584 mr?
613 2528 689 2596 Qirod
703 2527 793 2596 utique
807 2540 859 2579 non
873 2522 984 2584 diceret,
1000 2522 1051 2576 uisi
1068 2531 1139 2576 essct
1150 2530 1178 2576 ει
1190 2519 1264 2575 orbis
1278 2530 1332 2575 ter·

537 2638 629 2679 rarum
643 2620 688 2691 qui
701 2615 923 2673 commovebitur.
937 2615 983 2668 Est
992 2613 1066 2668 orbis
1079 2621 1209 2666 terrarum
1220 2610 1264 2680 qui
1279 2627 1332 2665 uon

537 2712 760 2773 commovebitur,
773 2720 813 2764 εει
826 2708 900 2763 orbis
912 2717 1041 2761 terrarum
1055 2705 1099 2775 qui
1108 2703 1330 2761 commovebitur.

539 2806 607 2872 Quia
622 2815 650 2859 et
664 2804 723 2857 boni
739 2802 783 2873 qui
797 2800 905 2855 stabiles
919 2807 982 2853 suut
997 2799 1022 2852 in
1038 2797 1100 2864 tide,
1112 2797 1184 2852 orbis
1199 2806 1329 2851 terrarum

539 2908 594 2961 est;
611 2912 645 2950 ιιε
660 2896 719 2964 quis
732 2893 844 2956 diceret,
861 2892 889 2945 ln
905 2899 979 2960 parte
995 2898 1073 2946 suut:
1088 2896 1116 2944 et
1130 2888 1202 2953 mali,
1216 2888 1261 2957 qui
1276 2902 1329 2942 nou

538 2997 610 3042 stant
620 2987 646 3040 in
661 2986 712 3040 bde
723 3000 783 3038 cum
794 2981 928 3037 senserint
939 2980 1055 3050 aliquam
1067 2979 1276 3044 tribulationem,
1286 2993 1333 3047 per

540 3082 632 3136 orbem
645 3091 775 3134 terrarum
789 3086 860 3131 suut.
882 3074 930 3129 Est
940 3088 1004 3142 ergo
1018 3072 1091 3127 orbis
1105 3079 1234 3125 terrarum
1248 3068 1333 3123 mobi-

541 3174 582 3239 lis,
597 3181 638 3227 est
653 3172 728 3225 orbis
740 3180 870 3225 terrarum
886 3163 1029 3220 immobilis
1040 3162 1148 3232 :dequo
1163 3160 1245 3214 ¹dieit
1260 3162 1332 3230 Apo·

542 3265 634 3319 stolus.
660 3261 726 3317 Vide
746 3260 838 3314 orbem
859 3266 989 3312 terrarum
1003 3249 1140 3308 mobilem.
1158 3251 1233 3322 lingo
1249 3260 1284 3316 ιε,
1298 3248 1333 3305 de

541 3355 636 3424 quibus
646 3352 752 3407 dicebat
767 3348 919 3419 Apostolus,
935 3365 943 3398 ι
956 3345 996 3400 Ex
1011 3344 1107 3417 quibus
1119 3354 1160 3398 εει
1173 3343 1334 3414 ttymennus

542 3456 567 3500 ει
581 3444 712 3507 Philetus,
726 3442 770 3511 qui
784 3430 860 3495 circa
869 3440 1007 3493 veritatem
1022 3437 1225 3501 aberraverunt,
1241 3434 1333 3490 dieen-

542 3543 581 3590 tes
595 3533 818 3589 resurrectionem
839 3528 893 3600 jam
914 3525 1010 3583 tactam
1032 3542 1104 3588 esse,
1124 3535 1151 3581 ct
1173 3525 1251 3580 fidem
1267 3540 1334 3596 quo·

542 3623 663 3680 rumdam
679 3620 855 3677 subvertunt?
867 3638 876 3671 ι
891 3616 1023 3687 Numquid
1037 3616 1079 3672 isti
1093 3614 1125 3669 ad
1137 3616 1230 3671 orbem
1246 3624 1334 3670 terra-

541 3731 599 3772 rum
617 3715 794 3785 pertinebant,
814 3711 859 3781 qui
873 3725 926 3765 non
948 3706 1178 3764 commovebitur?
1196 3705 1242 3761 sed
1258 3706 1335 3775 palea

540 3816 634 3864 crant:
647 3805 682 3860 Et
695 3806 782 3875 fidem,
802 3803 897 3874 inquit,
921 3800 1093 3872 quorundum·
1109 3797 1262 3852 subrutum.
1276 3797 1334 3852 Non

541 3898 619 3964 otxtt,
637 3896 778 3961 Oomiuin;
790 3902 818 3949 et
829 3894 852 3948 si
865 3891 985 3947 omnium
998 3888 1111 3952 diceret,
1127 3901 1221 3943 omnes
1235 3887 1334 3942 intelli·

541 4001 606 4057 gere
617 3985 776 4040 deberemus
787 3981 951 4053 pertinentes
960 3979 993 4034 ad
1007 3979 1140 4042 civitatem
1152 3977 1334 4048 Babyloniam,

541 4093 601 4148 quae
613 4074 695 4130 balles
709 4072 828 4127 damnari
838 4087 898 4138 cum
907 4070 1029 4126 diabolo:
1042 4079 1129 4124 tamen
1139 4068 1337 4139 fideuiquoruni·

543 4170 603 4223 ιιιιι
614 4168 692 4223 utsii.
704 4167 736 4221 tr
745 4165 820 4236 quasi
834 4165 968 4218 diceretur
981 4162 1017 4228 ci,
1031 4160 1065 4215 tti
1075 4160 1135 4230 quis
1145 4160 1183 4214 eis
1194 4167 1281 4228 potest
1294 4173 1337 4214 re-

547 4260 658 4316 sistere?
670 4259 783 4328 subiecit
796 4256 903 4311 statim:
920 4253 1037 4308 Firmum
1047 4261 1130 4306 autem
1142 4250 1336 4321 [tundamentum

551 4352 593 4407 llei
605 4363 665 4407 stat.
680 4353 749 4406 Ecce
761 4349 844 4404 babes
855 4347 947 4402 orbem
959 4354 1087 4399 terrarum
1098 4343 1142 4412 qui
1154 4356 1206 4396 uon
1219 4353 1337 4396 commo·

550 4444 659 4498 rebitur.
684 4441 788 4496 tlatnn
810 4436 970 4509 rigrruenlum
992 4436 1050 4488 troc.
1076 4431 1151 4497 Quod
1173 4429 1336 4501 signaculum

551 4533 626 4590 balet
641 4534 745 4588 lirnium
759 4529 979 4586 tundamentum?
995 4525 1073 4581 Nouit
1086 4523 1211 4578 Dratinus
1226 4523 1269 4594 qui
1280 4531 1338 4577 suut

550 4627 611 4695 rjus.
626 4624 679 4679 iste
694 4632 734 4677 εει
745 4622 818 4677 orbis
833 4630 963 4676 terrarum
976 4617 1021 4688 qui
1034 4631 1088 4671 non
1107 4613 1336 4670 commovebitur:

552 4713 627 4769 linuit
642 4714 763 4767 bantinus
775 4713 887 4782 quisunt
900 4712 964 4780 ejus.
978 4710 1011 4763 Et
1025 4706 1096 4778 quod
1108 4705 1272 4777 signaculum
1289 4703 1338 4759 ba·

551 4804 611 4859 bctl
623 4803 658 4857 Et
670 4804 768 4857 recedat
782 4802 813 4855 ub
827 4801 951 4872 injustitie
966 4799 1047 4854 omnis
1061 4798 1104 4868 qui
1116 4798 1229 4851 nominat
1249 4810 1339 4850 nomen

553 4892 655 4948 bornuni
669 4891 704 4966 (tt
715 4891 779 4945 Tim.
794 4907 822 4958 u,
840 4890 947 4961 ttae).
961 4888 1040 4943 bledo
1058 4887 1093 4942 ab
1111 4885 1249 4956 iniquitate
1262 4899 1338 4940 recc-

551 4987 595 5041 dat
605 5004 611 5038 :
621 4985 656 5040 ab
665 4985 762 5055 iniquis
775 4983 846 5038 cuim
861 4998 913 5036 uon
929 4987 1015 5054 potest
1030 4978 1167 5043 recedere,
1181 4977 1242 5047 quia
1257 4976 1339 5031 orista

552 5084 592 5128 est
601 5075 678 5145 palea
691 5073 779 5127 tritico
793 5086 877 5142 usque
890 5070 952 5126 dum
964 5067 1116 5123 ventiletur.
1131 5065 1200 5132 Quid
1214 5065 1338 5131 dicimus,

553 5167 662 5223 tratres?
673 5166 707 5221 tte
719 5166 745 5220 in
758 5166 815 5237 ipsa
829 5178 903 5229 area,
917 5161 985 5216 mira
998 5176 1042 5216 res
1056 5167 1097 5216 εει
1109 5157 1143 5213 de
1156 5157 1259 5212 tritico:
1270 5171 1341 5213 reee-

553 5261 590 5316 dit
602 5275 617 5315 a
630 5261 718 5330 palea,
731 5273 792 5313 cum
807 5255 986 5326 exspoliatur,
1000 5260 1028 5308 ει
1037 5267 1090 5307 uon
1105 5249 1208 5307 recedit
1220 5249 1254 5304 ab
1266 5263 1339 5316 area,

554 5367 610 5407 cum
623 5351 773 5406 trituratur.
788 5346 900 5416 Quando
918 5354 1007 5400 autem
1028 5343 1138 5398 omuino
1158 5341 1342 5412 separabituri

554 5444 617 5498 Cum
633 5444 738 5499 uenerit
752 5441 903 5495 ventilator.
915 5438 984 5507 Ergo
999 5435 1078 5490 modo
1091 5450 1152 5490 area
1167 5435 1194 5489 in
1208 5434 1273 5489 orbe
1287 5442 1342 5488 ter·

554 5547 640 5588 rarum
654 5539 712 5587 est:
726 5544 837 5586 neeesse
850 5538 892 5583 εει
910 5535 949 5591 ut,
972 5526 995 5580 si
1017 5525 1134 5595 proficis.
1151 5525 1219 5578 inter
1238 5523 1342 5593 iniquos

553 5622 635 5676 siras.
651 5621 694 5676 tu
716 5619 815 5689 iniquis
835 5615 963 5673 recedere
976 5630 1028 5671 uon
1042 5623 1134 5686 potcs;
1158 5614 1191 5669 ab
1206 5613 1343 5684 iniquitate

553 5711 658 5767 meede.
675 5709 785 5764 Recedet
798 5709 829 5762 ab
841 5706 972 5776 iniquitute
995 5706 1076 5759 emitis
1098 5705 1141 5776 qui
1161 5704 1273 5757 uondnut
1295 5720 1343 5758 no·

552 5816 610 5854 ιιιειι
622 5798 724 5854 bomini
732 5815 743 5865 ,·
758 5808 784 5855 ει
796 5799 848 5855 crit
862 5799 887 5852 iu
901 5796 965 5852 orbe
979 5804 1110 5852 terrarum
1132 5796 1177 5866 qui
1196 5809 1249 5850 riou
1268 5809 1342 5851 eoin·

551 5889 712 5947 movebitur.

587 5983 615 6039 b.
627 5980 638 6056 l
652 5998 716 6037 ons.
725 5979 765 6054 2]
779 5979 875 6034 Porutu
886 5989 922 6035 cst
935 5980 1004 6034 redes
1015 5988 1067 6043 tun,
1084 5977 1163 6044 Deus,
1174 5995 1205 6034 eu
1214 5976 1258 6033 illo
1267 5980 1289 6033 ¹.
1302 5976 1345 6033 Ex

583 6087 595 6179 ξ
612 6091 692 6207 w*
702 6082 853 6200 demetit,
869 6148 957 6213 nuato
967 6150 1002 6192 est
1018 6141 1087 6194 seiles
1103 6147 1145 6192 tuo
1162 6153 1195 6192 ει
1212 6138 1263 6203 ille,
1275 6140 1344 6193 seder

550 6213 594 6269 put
611 6215 712 6257 ιιειιιιι
763 6203 996 6266 morimunden.

1076 765 1276 822 ttuuttttuttu
1295 764 1328 822 tu
1348 766 1511 825 tsatttttu
1531 768 1612 833 tctt.

2109 785 2175 842 1le

1386 878 1441 942 illo,
1458 878 1520 948 quid
1534 880 1593 934 est?
1608 881 1645 936 lix
1662 891 1735 938 tunc.
1748 883 1883 956 Tanquam
1897 889 1919 944 si
1933 889 2043 962 diceret,
2057 894 2122 963 Quor
2135 908 2177 954 εει

1384 969 1463 1023 sedes
1478 970 1540 1024 bei?
1553 970 1596 1026 ubi
1612 971 1687 1028 sedet
1704 975 1793 1030 Deras?
1813 976 1841 1031 ln
1854 981 1954 1035 sanctis
1968 983 2034 1039 suis.
2057 985 2102 1042 Vis
2116 1002 2177 1043 esse

1384 1059 1462 1115 sedes
1474 1061 1537 1115 bei?
1551 1061 1618 1117 Para
1639 1063 1726 1121 locum
1747 1067 1774 1123 in
1786 1068 1866 1126 corde
1878 1079 1923 1126 tuo
1936 1074 1980 1128 ubi
1995 1076 2097 1132 sedeat.
2111 1079 2176 1148 Qum

1384 1150 1511 1203 estsedes
1524 1151 1581 1219 Dei,
1597 1152 1647 1207 uisi
1663 1154 1706 1209 ubi
1718 1155 1913 1214 ltabitatlieusl
1929 1162 1977 1218 Ubi
1985 1164 2085 1222 habitat
2095 1168 2175 1230 Deris.
2200 1190 2202 1194 ⁴

1385 1240 1435 1295 uisi
1451 1257 1476 1295 m
1491 1249 1590 1313 seuque
1604 1245 1670 1299 suo?
1682 1246 1758 1314 Qiiod
1777 1259 1818 1303 εει
1838 1253 1965 1322 ιειιιριιιιι
1977 1256 2052 1326 ejus?
2063 1259 2178 1316 Parieti·

1385 1331 1435 1386 bus
1457 1332 1612 1387 instruitur?
1624 1336 1711 1391 Absit.
1727 1338 1839 1394 blundus
1854 1342 1903 1397 iste
1918 1353 1958 1399 εει
1971 1346 2038 1402 lorte
2049 1351 2176 1420 templum
2209 1378 2212 1383 ¹

1385 1422 1478 1492 ipsius,
1492 1424 1553 1493 qnia
1564 1425 1641 1482 ratde
1653 1442 1764 1497 uraguus
1776 1438 1828 1493 εει,
1840 1442 1866 1485 ει
1877 1433 1954 1502 digua
1968 1453 2011 1492 res
2023 1454 2082 1508 qun
2091 1442 2178 1511 capiat

1385 1513 1487 1568 Deum?
1499 1514 1552 1571 Nec
1570 1519 1641 1585 capit
1661 1534 1722 1574 cum
1735 1535 1750 1575 a
1765 1536 1818 1589 quo
1830 1520 1915 1578 lactus
1929 1534 1979 1579 est.
1997 1528 2030 1582 Et
2043 1530 2087 1584 ubi
2102 1533 2175 1601 eapi-

1386 1603 1446 1656 tur?
1462 1606 1490 1658 ln
1503 1607 1590 1661 anima
1605 1609 1703 1678 quieta,
1719 1609 1745 1664 iu
1760 1612 1848 1666 anima
1861 1613 1932 1682 justa
1944 1634 1950 1669 :
1963 1617 2017 1695 ipsa
2031 1619 2103 1674 illum
2115 1636 2177 1690 por·

1385 1699 1433 1746 tat.
1447 1694 1539 1766 llagtra
1554 1712 1606 1763 res,
1623 1699 1718 1754 tratres
1728 1719 1735 1754 :
1746 1713 1819 1757 certe
1834 1719 1945 1773 magnus
1958 1716 1999 1761 εει
2021 1709 2106 1776 beus;
2124 1712 2178 1766 lor·

1386 1782 1456 1838 tibus
1476 1786 1573 1854 grauis,
1588 1787 1700 1844 infirmis
1714 1790 1779 1844 levis
1793 1801 1843 1846 est.
1856 1792 1928 1860 Quies
1941 1795 1995 1849 dixi
2011 1796 2110 1854 furtes?
2124 1802 2175 1857 Sn-

1384 1873 1499 1943 perbns,
1525 1877 1570 1944 qui
1593 1879 1667 1945 quasi
1696 1879 1794 1935 liabent
1823 1886 2056 1954 presumptionem
2082 1890 2176 1947 uirium

1384 1979 1501 2019 suarum.
1517 1965 1582 2020 Nam
1598 1968 1737 2024 intirmitas
1752 1970 1797 2025 illa
1810 1971 1835 2025 iu
1845 1971 1993 2032 ltuimlitate
2006 1979 2177 2048 trtajorlorti·

1386 2056 1450 2110 tudo
1463 2068 1513 2111 est.
1526 2057 1595 2112 tout
1607 2061 1763 2129 Apostolum
1777 2061 1920 2130 dicentem,
1934 2066 2041 2132 Qunrsdo
2052 2070 2177 2140 infirmor,

1385 2157 1444 2201 ιιιιε
1456 2159 1544 2217 poteris
1557 2166 1614 2204 ιιιιι
1629 2149 1663 2220 (ΙΙ
1673 2150 1732 2205 Cor.
1746 2168 1793 2218 ru,
1811 2154 1865 2224 lb).
1880 2155 1936 2211 lloc
1955 2167 1996 2212 εει
2014 2160 2085 2229 quod
2106 2177 2177 2217 cotta·

1385 2240 1536 2308 mendari¹,
1551 2242 1611 2311 quia
1628 2243 1757 2299 Dotuinus
1778 2250 1935 2316 praecinctus
1949 2260 1990 2304 est
2011 2251 2176 2316 tortitudine,

1385 2330 1492 2406 quaudo
1506 2332 1682 2393 bmmiitatctn
1697 2335 1819 2395 docebat.
1835 2338 1905 2411 Ergo
1919 2339 1973 2412 ipsa
1983 2342 2109 2399 estsedes
2119 2344 2176 2411 bet,

1385 2443 1443 2498 qmn
1458 2438 1549 2497 aperte
1562 2430 1614 2484 alio
1630 2431 1688 2486 lnce
1701 2431 1726 2485 in
1741 2433 1870 2503 propbeta
1889 2434 1995 2499 dicitur,
2011 2434 2095 2506 Super
2105 2454 2179 2508 quem

1384 2520 1521 2589 requiescet
1534 2520 1646 2592 Spiritus
1661 2524 1749 2576 ericus?
1763 2524 1790 2578 id
1805 2534 1856 2590 est,
1873 2526 1917 2580 ubi
1931 2528 2081 2597 requiescet
2095 2528 2179 2599 Spiri-

1386 2617 1428 2663 tus
1442 2609 1499 2675 llei,
1514 2610 1565 2665 uisi
1580 2611 1605 2664 iu
1627 2610 1690 2667 sede
1713 2613 1778 2668 ilci?
1801 2615 1870 2671 tuot
1894 2618 2027 2687 quomodo
2045 2618 2180 2676 describat

1384 2699 1468 2770 ipsam
1481 2701 1583 2756 sedem.
1603 2702 1683 2760 Forte
1695 2706 1834 2763 auditurus
1846 2723 1905 2769 eras
1926 2724 2115 2767 marmoratam
2128 2714 2179 2769 do·

1385 2807 1468 2859 ιιιιιιιι,
1482 2793 1567 2862 arripio
1582 2795 1668 2864 spatia
1688 2797 1827 2864 atriorum,
1849 2799 1875 2853 in
1891 2817 1985 2870 magua
2000 2801 2138 2860 altitudine
2150 2814 2178 2860 et

1384 2881 1487 2954 luigore
1501 2893 1629 2940 tectorum
1640 2887 1659 2940 ¹.
1677 2887 1746 2942 tuot
1761 2889 1823 2959 quid
1839 2890 1888 2945 sibi
1904 2903 1979 2961 paret
1994 2893 2080 2949 Deus:
2095 2895 2180 2966 Super

1384 2989 1458 3043 quem
1473 2976 1608 3046 requiescet
1628 2976 1741 3048 Spiritus
1751 2981 1840 3034 meur?
1853 2981 1937 3052 Stipes
1949 2982 2069 3039 Ιιιιιιιὶιειιι
2079 2996 2101 3039 ει
2111 2987 2180 3055 ignic-

1386 3073 1449 3130 tum,
1463 3077 1487 3118 et
1500 3076 1645 3122 trementem
1655 3071 1729 3123 uerba
1742 3085 1797 3123 ntea
1813 3070 1888 3142 (isui.
1899 3088 1969 3142 tart,
1981 3075 2020 3145 ι).
2040 3076 2110 3132 Ecce
2129 3079 2181 3133 bu·
2254 3064 2258 3074 ⁸

1386 3154 1456 3210 milis
1469 3166 1537 3212 eset
1550 3159 1665 3228 quietus,
1682 3169 1710 3216 ει
1725 3160 1751 3216 in
1768 3171 1794 3217 tc
1813 3161 1914 3219 habitat
1936 3165 2035 3221 Dem'.
2049 3167 2126 3224 tuiis
2138 3179 2181 3225 cst

1386 3245 1466 3312 Deus,
1483 3262 1534 3301 oon
1548 3248 1574 3302 in
1591 3258 1617 3303 ιε
1631 3248 1743 3317 habitat,
1759 3252 1781 3306 si
1796 3253 1866 3309 altus
1879 3269 1940 3311 csse
1958 3257 2083 3313 uolucris.
2101 3261 2179 3316 Certe

1386 3338 1456 3392 altus
1469 3339 1509 3394 uis
1526 3355 1595 3407 esse,
1611 3350 1640 3395 ut
1659 3341 1761 3398 habitet
1780 3345 1807 3398 in
1827 3354 1869 3401 te:
1884 3344 1993 3404 humilis
2008 3360 2066 3404 esto
2080 3361 2107 3405 et
2126 3360 2181 3407 tre

1387 3443 1465 3483 mens
1479 3430 1558 3484 verba
1572 3430 1641 3500 ejus,
1657 3440 1684 3486 et
1698 3433 1735 3487 ibi
1748 3433 1860 3490 habitat.
1869 3435 1927 3491 Non
1939 3438 2013 3494 timet
2024 3450 2180 3510 trenteutem

1386 3520 1505 3588 domum,
1519 3524 1580 3591 quia
1606 3523 1662 3593 ipse
1676 3523 1748 3579 illam
1760 3525 1858 3584 tirnut.
1872 3512 1970 3583 Parum
1982 3541 2018 3585 εει
2031 3533 2102 3588 seiles
2125 3544 2179 3600 trin,

1386 3610 1466 3678 bene,
1489 3627 1520 3666 ea
1540 3611 1596 3666 itio.
1616 3613 1659 3667 Ex
1679 3616 1734 3682 illo,
1757 3616 1845 3683 idest,
1860 3622 2025 3692 ergtune3id
2039 3632 2090 3689 εει,
2104 3626 2181 3695 quasi

1387 3701 1520 3771 quoddam
1537 3711 1641 3772 tempus
1655 3704 1795 3774 signiticat.
1813 3708 1852 3762 Ex
1875 3718 1948 3778 trine,
1964 3727 1996 3766 er
2014 3714 2085 3783 quoi
2100 3714 2182 3773 Forte

1387 3805 1419 3845 ει
1428 3791 1472 3847 die
1481 3802 1540 3846 onte
1553 3792 1694 3848 sabbatum.
1706 3794 1749 3850 Eu
1758 3797 1813 3864 ille,
1824 3799 1886 3869 quia
1902 3800 1993 3858 titulus
2006 3803 2103 3859 Psalmi
2114 3821 2182 3875 prm-

1388 3885 1480 3939 scribit
1492 3885 1567 3940 nobis
1582 3901 1615 3941 es
1630 3903 1696 3976 qun..
1711 3888 1793 3945 Sexto
1805 3892 1877 3946 enim
1892 3892 1946 3962 die,
1961 3894 2047 3962 idest,
2061 3908 2182 3966 tempore

1388 3976 1469 4049 bajus
1482 3979 1575 4035 mundi
1594 3990 1681 4048 serto,
1698 3983 1769 4038 venit
1784 3984 1911 4040 [lominus
1930 3986 1956 4041 in
1978 4002 2067 4043 carae.
2083 3989 2121 4042 Er
2136 3989 2181 4044 illo

1389 4083 1463 4138 crgo,
1480 4069 1558 4139 plane
1572 4085 1604 4125 er
1620 4071 1666 4124 illo
1685 4072 1831 4127 secundum
1852 4074 1998 4142 liourincm,
2019 4092 2051 4132 er
2075 4078 2121 4132 illo
2144 4094 2180 4132 er

1389 4167 1474 4214 utero.
1504 4159 1573 4226 Qutu
1588 4162 1658 4216 euim
1673 4161 1738 4217 dicit
1762 4163 1830 4218 alius
1850 4165 1985 4233 psalmus?
1999 4166 2032 4220 ln
2047 4169 2181 4238 splendore

1388 4259 1534 4302 martorum
1546 4266 1577 4304 ee
1590 4262 1670 4305 utero.
1683 4251 1716 4305 Iu
1732 4253 1866 4322 splendore
1879 4266 2033 4325 sauctorum,
2046 4257 2072 4312 id
2086 4269 2137 4328 est,
2153 4268 2182 4316 ut

1389 4337 1572 4393 illuminentur
1584 4342 1678 4407 saneti,
1688 4351 1716 4395 ut
1726 4341 1834 4398 rideant
1845 4343 1929 4400 ileum
1943 4346 1970 4402 in
1980 4362 2059 4403 carne
2068 4366 2075 4416 ;
2083 4359 2183 4421 etpur-

1388 4437 1466 4499 gctur
1477 4443 1533 4492 cor,
1558 4429 1629 4485 uude
1643 4431 1764 4486 videatur
1779 4433 1804 4487 iu
1820 4434 1968 4492 divinitate.
1993 4436 2026 4492 ln
2047 4441 2181 4509 splendore

1390 4531 1534 4576 tunctorum
1556 4539 1588 4576 ee·
1606 4533 1687 4578 utero.
1702 4524 1754 4581 Sed
1771 4527 1835 4595 quid
1848 4528 1884 4583 ibi
1899 4531 2036 4600 sequitur?
2052 4532 2091 4587 Ne
2113 4533 2183 4590 torte

1390 4628 1422 4669 ει
1438 4622 1513 4668 ιιιειο
1528 4613 1590 4669 inde
1610 4614 1727 4686 incipere
1748 4629 1856 4686 putares
1875 4620 2102 4686 esseClnistnm:
2118 4625 2183 4679 dirue

1390 4703 1523 4775 luciferum
1547 4704 1623 4775 genui
1644 4715 1667 4759 te
1688 4706 1773 4778 (Paul.
1795 4723 1848 4774 cis,
1865 4710 1905 4781 5).
1932 4710 1998 4766 Cmu
2013 4713 2133 4781 dixisset,
2150 4714 2183 4770 ln

1390 4794 1524 4866 splendore
1535 4806 1679 4852 cunctorum
1699 4815 1730 4853 cu
1749 4809 1830 4866 utero,
1846 4803 1959 4872 subjecit
1971 4806 2068 4873 ¹statim,
2084 4823 2118 4863 ue
2133 4825 2183 4879 pu·

1392 4893 1463 4941 tares
1476 4887 1636 4943 Claristuma
1652 4897 1772 4960 tempore
1786 4907 1846 4948 esse
1859 4896 1972 4964 cepisse
1987 4913 2019 4951 er
2033 4915 2086 4968 quo
2106 4910 2184 4956 nattis

1392 4985 1444 5041 est,
1460 4977 1530 5033 sicut
1549 4979 1630 5047 coepit
1644 4980 1740 5047 Adam,
1757 4983 1824 5037 sieut
1839 4983 1983 5050 nemean,
2004 4987 2072 5042 sicut
2087 4990 2182 5058 burtel,

1392 5065 1457 5120 Ante
1470 5067 1603 5137 luciferum
1613 5071 1688 5139 genui
1700 5080 1740 5125 te:
1751 5083 1814 5127 aute
1822 5087 1902 5130 outae
1912 5076 1982 5145 quod
1993 5077 2182 5135 tttumtnamrt.

1393 5159 1444 5214 Per
1458 5159 1595 5214 lucilerum
1614 5163 1695 5228 euim,
1720 5172 1765 5217 aut
1781 5164 1876 5219 ‘stellas
1895 5181 1987 5223 omnes
2000 5171 2141 5240 significat,
2157 5184 2184 5229 ct

1393 5264 1441 5322 per
1457 5252 1548 5307 stellas
1573 5262 1703 5323 teumora,
1728 5253 1790 5324 quia
1804 5254 1865 5311 lecit
1878 5258 1947 5314 Deus
1961 5260 2052 5317 stellas
2067 5263 2094 5317 iu
2109 5265 2183 5334 sigua

1394 5353 1542 5415 temporum
1555 5344 1630 5416 (Gen.
1645 5361 1664 5408 ι,
1680 5346 1735 5417 tt),
1750 5355 1779 5401 ut
1790 5357 1853 5404 aute
1867 5357 1984 5419 tempori
1997 5352 2118 5410 invenias
2134 5371 2182 5410 na-

1394 5443 1449 5490 tum
1462 5449 1522 5490 esse
1536 5433 1687 5489 Christum:
1702 5444 1728 5491 et
1740 5438 1831 5507 utique
1844 5441 1889 5509 qui
1902 5450 1980 5497 natus
1992 5452 2103 5500 estante
2113 5453 2182 5500 tem·

1394 5540 1470 5596 pora,
1494 5541 1546 5580 tion
1562 5534 1651 5597 potest
1672 5527 1755 5583 videri
1776 5538 1854 5592 uatus
1874 5546 1908 5587 cx
1927 5541 2059 5602 tempore;
2084 5535 2144 5605 quia
2159 5542 2186 5592 n

1396 5625 1515 5687 tempora
1527 5628 1648 5673 creatura
1663 5619 1709 5675 Dei
1725 5630 1797 5676 sunt.
1813 5621 1846 5676 Et
1868 5623 1957 5695 otique
1978 5625 2002 5680 si
2026 5627 2113 5681 omnia
2137 5644 2185 5699 per

1427 5772 1436 5803 ¹
1452 5768 1702 5840 tuldqeommeuduuit
1713 5770 1874 5835 compulsum.
1894 5780 1921 5822 tt
1939 5775 2106 5837 mesquitam,
2124 5791 2187 5829 corni·

1394 5831 1520 5892 nundus:
1530 5838 1556 5882 ει
1566 5831 1674 5881 nmnutt
1688 5845 1743 5883 eum
1754 5841 1814 5895 um,
1826 5833 1998 5884 corunendnn't
2011 5872 2018 5885 .
2031 5837 2074 5888 soil
2085 5851 2133 5888 unu
2144 5842 2185 5890 ad·

1394 5894 1463 5952 dunt,
1476 5892 1635 5956 tremebam.

1426 5955 1489 6024 ’oste
1498 5962 1551 6003 ttss.
1567 5954 1696 6014 teddvero,
1705 5953 1818 6019 eruptura,
1828 5952 1963 6019 spatiosorn,
1971 5957 2088 6011 atriorum
2094 5954 2189 6025 muniri·

1395 6014 1512 6068 tudutcet
1525 6012 1619 6078 [utgore
1628 6021 1752 6065 tectorum.
2134 6015 2139 6026 “

1428 6076 1439 6109 ¹
1455 6082 1491 6125 tr.
1501 6083 1560 6125 teu.
1574 6081 1607 6127 et.
1620 6081 1674 6125 tor.
1692 6077 1727 6125 sic
1738 6074 1761 6125 le
1814 6076 1896 6126 tbuuc
1905 6075 2004 6131 locatim
2023 6090 2081 6136 ecce
2092 6083 2189 6137 buimlis

1396 6143 1446 6191 ceto
1456 6144 1478 6188 et
1490 6135 1591 6201 quietio,
1606 6144 1631 6186 ut
1641 6136 1695 6188 etiu
1707 6136 1767 6188 teba
1786 6134 1824 6188 'tct
1838 6145 1909 6189 ocus.
1943 6146 1972 6192 tt.

1429 6201 1440 6233 ι
1457 6199 1546 6265 negios
1555 6204 1672 6266 usmete
1683 6198 1764 6252 nuuiu
1774 6212 1829 6265 nun
1839 6198 1985 6258 illmrtiuuut.
