5400 7059
542 699 612 757 tete

536 814 599 887 qnia
612 809 753 870 Canticum
770 804 899 881 gudurm
912 802 992 873 empsit
1005 808 1123 858 cauare.
1139 799 1190 858 Ubi
1203 816 1267 873 ergo
1280 816 1329 873 ge·

539 908 599 975 mit,
612 914 640 963 et
652 887 799 975 intergens
813 897 933 954 habitati
943 895 1086 950 initialitaai
1095 912 1152 981 cunr
1164 895 1331 950 rmemaeetir

539 1000 631 1057 Certae.
646 998 764 1054 Verbum
781 994 831 1049 lroe
844 993 905 1062 qnia
923 990 1057 1044 hebraeum
1072 997 1129 1055 est,
1145 989 1235 1059 procul
1250 987 1331 1043 dubio

539 1109 592 1149 non
607 1087 782 1146 intellexistis.
795 1084 862 1154 Qnid
877 1093 926 1148 est,
940 1080 1085 1135 liuteeerreet
1096 1096 1153 1134 cnm
1166 1079 1331 1134 taimnurulr'r

540 1180 638 1240 Cedat?
646 1177 741 1239 Cedar,
752 1184 879 1246 «putantum
891 1171 1060 1228 meminimus
1070 1186 1103 1225 ex
1114 1169 1331 1239 interpretatione

540 1269 677 1326 nominum
693 1267 876 1327 hebraeorum,
890 1263 1027 1319 Tenebras
1040 1261 1182 1332 significat.
1200 1261 1333 1331 tmerpre·

539 1369 621 1415 tatum
634 1357 721 1414 Cedar
735 1357 832 1422 latine,
849 1355 977 1409 Tenebrae
991 1353 1124 1408 dicuntur.
1138 1352 1227 1408 Nostis
1242 1363 1331 1408 autem

539 1452 607 1507 ditiis
621 1450 690 1506 silias
703 1449 827 1504 imbuisse
846 1448 995 1513 Abraham,
1011 1461 1077 1515 rinos
1091 1444 1197 1516 quidem
1214 1460 1333 1500 cortrme-

541 1550 628 1596 rnomt
643 1539 802 1610 Apostolus,
816 1549 844 1592 et
856 1536 888 1590 ad
905 1537 1046 1606 imaginem
1059 1534 1170 1589 deornm
1187 1545 1330 1590 testamen-

540 1640 627 1684 torum
640 1642 699 1683 esse
711 1627 774 1683 dicit
788 1644 795 1680 :
809 1639 876 1678 urrtns
887 1623 920 1678 de
933 1623 1027 1678 aneilln
1041 1631 1113 1689 erat,
1129 1633 1155 1678 et
1170 1624 1237 1677 alter
1248 1623 1282 1678 de
1297 1623 1331 1678 li·

540 1721 615 1777 nera.
633 1719 672 1774 Er
688 1718 799 1776 ancilla.
814 1715 908 1770 ismael
922 1723 995 1779 crat;
1011 1713 1139 1768 delibera
1155 1712 1236 1780 Sara,
1252 1729 1330 1784 quern

540 1813 659 1882 suscepit
673 1827 707 1866 eu
720 1810 905 1880 desperatione
919 1823 966 1877 per
981 1806 1070 1872 sedern,
1085 1805 1158 1861 isaac
1172 1815 1239 1861 erat.
1255 1806 1333 1862 liter·

540 1920 592 1973 que
602 1919 634 1958 ex
647 1902 749 1958 sentino
763 1899 885 1964 literalem,
900 1898 946 1952 sed
962 1912 1013 1950 nou
1028 1905 1138 1965 uterque
1151 1896 1238 1951 ireres
1248 1896 1333 1950 Atura-

540 1996 592 2050 lne.
610 1994 647 2048 lle
664 1991 796 2046 dirralram
812 1998 889 2043 natus
903 2003 986 2052 trtius,
1002 1986 1048 2041 sed
1068 1995 1155 2041 tamen
1175 2001 1227 2040 non
1246 1985 1332 2039 luere·

541 2086 607 2140 ditat
623 2103 630 2139 ε
646 2085 712 2138 alter
730 2083 810 2137 etiam
833 2080 935 2144 lna-res;
958 2093 1010 2133 non
1029 2078 1115 2132 solum
1136 2077 1220 2142 tilius,
1241 2078 1287 2132 sed
1306 2086 1333 2133 et

541 2176 637 2230 lranres.
659 2173 686 2227 ln
707 2171 800 2226 ismael
821 2178 882 2224 snm
900 2184 994 2224 onines
1012 2168 1059 2238 qui
1080 2168 1223 2223 carnaliter
1243 2169 1334 2222 colunt

542 2268 635 2321 Deum.
651 2263 690 2318 td
703 2265 775 2334 ipses
788 2262 858 2316 enim
872 2269 900 2316 et
912 2269 988 2313 retus
999 2268 1185 2314 tesmmentum
1198 2258 1330 2327 pertinet:

541 2360 600 2431 qnia
614 2358 653 2412 sic
665 2357 731 2410 dirit
745 2354 897 2424 Apostolus,
910 2353 963 2407 Sul
973 2351 1157 2422 depromentes
1167 2366 1229 2413 esre,
1241 2349 1333 2421 Legem

543 2469 591 2507 ron
611 2449 737 2504 uttdirtir?
757 2448 887 2517 Scriptum
904 2455 941 2500 est
960 2447 1024 2499 eninr
1041 2444 1110 2514 estod
1128 2443 1255 2498 Alrelram
1269 2444 1333 2500 deor

541 2543 607 2612 filios
622 2541 724 2607 inuenit,
739 2555 817 2593 urrann
831 2539 862 2592 de
874 2537 978 2602 ettcillu,
994 2546 1016 2590 et
1030 2552 1109 2589 artem
1122 2535 1153 2589 de
1167 2534 1262 2600 libcrn5
1277 2550 1334 2605 guoe

540 2642 598 2688 rtrrtt
612 2634 638 2686 r‘n
651 2632 783 2703 allegoria.
802 2629 862 2684 lirec
875 2629 940 2682 enim
956 2637 1014 2683 sum
1032 2627 1083 2682 dno
1097 2635 1253 2682 testamento.
1267 2627 1332 2694 Qun}

540 2735 603 2781 sunt
612 2725 664 2781 duo
676 2722 851 2779 testamenta?
862 2721 948 2776 Unum
963 2730 1049 2786 retus,
1061 2728 1088 2774 et
1099 2721 1211 2775 alterum
1223 2736 1331 2775 norum.

542 2819 623 2874 t'etns
637 2825 824 2873 testamentum
839 2832 853 2868 a
868 2815 939 2877 lieo,
954 2821 981 2868 et
998 2827 1094 2867 norum
1115 2820 1300 2868 testamentum
1315 2828 1332 2868 a

541 2910 612 2976 lleo;
627 2907 761 2979 qttotttodo
780 2906 813 2962 de
831 2904 966 2961 libralmm
981 2912 1008 2958 et
1022 2903 1114 2959 ismael
1134 2912 1162 2958 et
1178 2895 1260 2959 lsaac.
1278 2903 1330 2959 Sed

540 3002 634 3058 ismael
648 3001 681 3054 ad
697 3009 846 3063 terrenum,
862 2998 934 3052 lsaae
954 2997 987 3052 ad
1004 2997 1114 3052 coeleste
1131 3011 1252 3066 regnum.
1269 2996 1331 3053 ideo

538 3105 616 3151 nctus
629 3102 814 3151 testamentum
834 3089 1026 3161 promissiones
1040 3088 1119 3145 habet
1133 3098 1264 3154 terrenas,
1278 3098 1331 3144 ter·

539 3204 631 3245 renam
644 3185 801 3250 Jerusalem,
817 3192 949 3238 terrenam
963 3181 1141 3247 Palaestinam,
1154 3195 1264 3251 regnum
1278 3191 1331 3237 ter·

540 3296 651 3344 renum,
665 3278 778 3335 salutem
795 3284 946 3340 terrenam,
963 3272 1079 3326 hostium
1098 3271 1329 3342 subjugationem,

538 3372 726 3428 rintrndnutiam
741 3369 867 3432 filiorum,
884 3364 1070 3420 iocunditatem
1085 3362 1191 3434 frugum
1202 3363 1222 3416 ¹.
1236 3362 1330 3418 Omnia

538 3467 587 3521 ista
604 3461 870 3534 promissionessunt
882 3467 1004 3512 terrenae.
1020 3456 1048 3510 ln
1063 3454 1146 3526 ligura
1159 3455 1331 3524 spiritualiter

538 3556 731 3625 intelliguntur,
745 3549 879 3621 qtromedn
891 3547 1039 3603 Jerusalem
1052 3555 1158 3602 terrena
1169 3546 1262 3600 umbra
1273 3555 1331 3601 crat

537 3649 612 3718 regni
625 3646 752 3709 coelestis,
768 3652 795 3698 et
807 3657 916 3712 regnum
931 3651 1066 3694 terrenum
1079 3640 1173 3694 unrbra
1186 3650 1244 3695 erat
1255 3640 1328 3709 regni

537 3739 677 3795 coelornm.
698 3734 792 3788 ismael
813 3730 968 3796 inumbra,
987 3728 1058 3783 isaac
1082 3730 1108 3782 in
1126 3729 1196 3784 luce.
1218 3730 1245 3784 δί
1266 3746 1329 3801 ergo

538 3828 633 3885 lsrnacl
648 3827 675 3880 in
691 3824 798 3886 umbra,
815 3838 867 3877 non
883 3821 978 3874 ntirunr
992 3820 1052 3889 quia
1070 3818 1104 3874 ilri
1123 3821 1248 3875 tenebrae.
1265 3821 1328 3877 Pin-

537 3923 643 3992 guiures
657 3916 756 3974 etenim
772 3914 873 3970 trntbrm
889 3912 1006 3968 tenclrrte
1020 3919 1090 3966 sunt.
1108 3911 1178 3983 Ergo
1191 3912 1288 3968 lsnrael
1302 3914 1327 3969 in

538 4008 672 4074 tenebris,
689 4007 760 4062 isaac
779 4006 805 4059 in
825 4005 894 4060 lnce.
907 4003 1072 4072 Quicumque
1086 4002 1129 4057 ltie
1142 4005 1221 4058 etiam
1237 4004 1262 4058 in
1277 4005 1328 4060 lic-

536 4102 615 4159 clesia
632 4110 765 4156 terrenam
780 4097 930 4153 lelicitatem
944 4106 1092 4166 quernnta
1108 4096 1180 4162 Deo,
1195 4097 1283 4153 adime
1294 4097 1328 4153 ad

537 4192 632 4249 ismael
646 4191 788 4262 pertinent.
804 4188 854 4260 ipsi
869 4195 931 4242 snnt
945 4188 989 4257 qui
1004 4186 1189 4242 contradicunt
1202 4190 1327 4257 spiritua-

536 4286 607 4341 lilins
620 4281 831 4357 proficientibus,
842 4289 869 4334 et
880 4278 1024 4334 detrahunt
1037 4278 1098 4345 illis,
1110 4288 1136 4333 ct
1147 4277 1245 4334 lrabeat
1258 4278 1326 4335 labia

535 4376 624 4446 iniqua
645 4384 672 4430 et
685 4374 786 4444 linguas
799 4371 936 4427 snlrdolns.
955 4370 1053 4426 Contra
1073 4384 1140 4441 qnos
1156 4372 1258 4441 rogarit
1277 4372 1327 4428 iste

534 4467 699 4532 ascendens,
714 4474 742 4521 et
759 4464 873 4533 appositi
892 4472 955 4517 sunt
972 4463 996 4516 ei
1011 4460 1141 4517 carbones
1155 4460 1325 4528 desolatorii,

534 4566 562 4614 et
573 4557 675 4629 sagitte
689 4556 803 4627 potentis
814 4565 908 4608 acutat.
920 4552 1060 4608 interillos
1071 4552 1141 4607 enim
1153 4552 1240 4607 adhuc
1250 4554 1324 4619 risit,

533 4650 620 4705 donec
631 4657 684 4703 tota
698 4660 759 4702 ecca
773 4647 914 4700 ventiletur
928 4663 935 4699 t
950 4643 1010 4698 ideo
1021 4643 1098 4707 dixit,
1115 4642 1257 4697 lnlrelireci
1269 4661 1326 4698 rem

533 4738 701 4794 tabernaculis
715 4735 805 4790 (leder.
824 4734 889 4789 Nam
909 4744 936 4788 et
955 4734 1011 4801 ipsa
1030 4733 1197 4789 tabernacula
1213 4733 1324 4801 ismael,

533 4832 619 4888 Cedar
630 4830 700 4883 dieta
713 4836 786 4883 sunt.
800 4827 843 4881 Sic
854 4825 932 4880 italiet
944 4825 1011 4879 liber
1020 4825 1169 4890 Geneseos;
1183 4826 1222 4880 sic
1234 4824 1324 4894 lraltet,

534 4923 603 4993 grted
618 4921 703 4977 Cedar
716 4920 748 4973 ad
765 4920 857 4973 lstnael
874 4917 987 4988 pertinet
1002 4914 1084 4985 (Gerr.
1100 4932 1162 4979 ιιι,
1179 4917 1241 4989 ts).
1255 4917 1324 4988 Ergo

534 5017 605 5072 isaac
616 5032 676 5071 curn
693 5014 801 5071 leniaci:
814 5011 839 5066 id
852 5020 903 5077 est,
915 5011 958 5078 qui
971 5009 1102 5079 pertinent
1113 5010 1145 5064 ad
1159 5010 1241 5079 isaac,
1256 5013 1325 5068 inter

532 5109 593 5164 illes
608 5109 708 5168 rirttnt,
725 5106 768 5176 qni
783 5103 917 5174 pertinent
931 5101 964 5156 ad
979 5100 1084 5155 lstrrael.
1100 5100 1143 5155 lsti
1159 5117 1264 5157 sursum
1277 5118 1324 5156 ro·

531 5199 588 5254 lnnt
611 5197 772 5263 ascendere,
799 5196 835 5251 illi
857 5194 982 5250 deorsum
1005 5192 1097 5247 nolunt
1118 5206 1239 5261 premere
1256 5210 1262 5247 :
1280 5192 1323 5248 isti

529 5291 626 5346 rolnnt
637 5291 726 5344 solare
740 5288 772 5343 ad
788 5289 881 5353 llenm,
893 5287 929 5341 illi
941 5294 1071 5340 certantur
1083 5300 1184 5356 pennas
1196 5285 1320 5340 evellere.

530 5380 648 5451 Narnrpre
662 5379 732 5448 apud
747 5377 899 5447 Apostolum
918 5377 952 5431 ita
968 5376 1065 5431 elicitur
1080 5395 1087 5431 :
1104 5376 1157 5432 Sed
1170 5375 1234 5430 ricnt
1246 5385 1320 5439 tnnc,

530 5472 572 5540 ptri
584 5470 720 5525 serendum
734 5485 834 5521 cernent
848 5478 921 5521 nutus
934 5477 996 5533 emt,
1011 5469 1200 5537 persequebatur
1210 5482 1267 5519 erent
1279 5466 1323 5536 ptri

531 5561 666 5617 secundum
679 5561 813 5631 spiritunon
830 5560 866 5613 ita
881 5569 904 5613 ct
919 5576 995 5613 rrnrtc.
1010 5557 1165 5628 Spirituales
1183 5573 1246 5628 ergo
1263 5573 1323 5626 per·

530 5653 693 5707 seetttionern
721 5650 856 5720 patiuntur
876 5663 891 5702 a
913 5649 1074 5703 carnalibus.
1096 5647 1149 5705 Sed
1172 5648 1234 5718 quid
1257 5647 1322 5702 dicit

529 5744 682 5814 Scriptura?
695 5744 766 5815 Ejice
779 5742 898 5797 urtcillem
911 5751 934 5796 et
949 5741 1029 5809 filium
1042 5742 1115 5810 οἰκ
1128 5756 1177 5795 aen
1191 5740 1256 5794 entim
1269 5739 1322 5793 ltre-

530 5854 569 5893 rer
580 5840 626 5891 erit
638 5838 706 5907 filius
719 5835 819 5890 nrtmlloe
833 5852 890 5888 cnm
903 5835 957 5904 filio
971 5851 1024 5889 meo
1039 5833 1113 5889 lranc
1126 5832 1185 5905 (ld.
1202 5849 1255 5899 rvr,
1270 5833 1319 5899 t5;

529 5936 553 5983 ct
569 5944 625 5991 nr,
641 5929 669 5994 2,
685 5929 711 5993 3,
729 5928 779 5992 ld;
795 5926 880 5981 Galat.
896 5942 934 5993 ru,
947 5924 1052 5996 21-50).
1068 5924 1120 5981 Sed
1135 5926 1186 5979 ltoe
1199 5923 1269 5994 qnod
1281 5923 1321 5978 di-

530 6021 582 6087 cit,
600 6021 683 6089 illice,
699 6022 804 6090 otiando
818 6021 887 6075 erit?
904 6020 1016 6089 Quando
1030 6035 1091 6075 area
1106 6019 1218 6089 coepcrit
1235 6017 1320 6072 renti·

561 6133 570 6166 ¹
583 6132 665 6184 eiures
674 6139 739 6194 tter..
755 6134 884 6194 tractamur.

1172 687 1202 745 S.
1222 684 1405 749 recusent
1426 687 1576 749 El’lSOOPl

2110 694 2181 753 teet

1387 802 1445 861 lari.
1461 804 1540 863 llodo
1552 815 1643 864 autent
1658 815 1799 880 antequam
1814 807 1952 880 ejiciatur,
1967 807 2024 866 llere
2039 826 2094 880 me,
2109 812 2181 883 atad

1384 896 1508 952 incoletur
1529 915 1599 953 mres
1620 899 1770 971 longinqmtr
1790 901 1872 972 secter
1890 902 1945 958 ert!
1962 902 2101 958 inhabitari
2121 919 2181 957 erre

1384 987 1550 1043 mimnocuiie
1571 986 1662 1045 Cedar.
1686 990 1719 1045 Et
1742 992 1851 1061 exponit
1869 991 1964 1061 nolris,
1983 994 2029 1064 qni
2051 1002 2115 1048 sunt
2136 990 2182 1047 isti

1383 1081 1427 1151 qrri
1441 1081 1575 1150 pertinent
1587 1081 1620 1136 ad
1634 1083 1803 1139 tabernacula
1816 1083 1912 1140 Cedar.

1419 1171 1445 1227 8.
1462 1170 1535 1243 [vers.
1552 1171 1591 1245 6.]
1606 1172 1716 1227 teretrum
1731 1175 1889 1246 peregrinata
1902 1186 1938 1232 ert
1956 1177 2042 1230 anieno
2057 1192 2126 1232 aree.
2141 1174 2182 1233 Ne

1385 1263 1624 1333 peregrinationem
1651 1266 1817 1335 corporalem
1848 1266 2030 1338 intelligeres,
2058 1268 2180 1323 animam

1383 1353 1450 1408 dixit
1470 1354 1644 1424 peregrinari.
1661 1355 1766 1425 Corpus
1786 1359 1970 1428 peregrinatur
1988 1358 2070 1424 locis,
2088 1358 2181 1413 anima

1383 1446 1570 1515 peregrinatur
1582 1445 1729 1502 affectibus.
1742 1447 1770 1502 Si
1784 1449 1916 1503 amareris
1930 1457 2040 1513 terram,
2056 1451 2180 1520 peregri·

1385 1535 1483 1589 ruarisa
1500 1536 1555 1590 lieo
1571 1553 1577 1589 :
1592 1537 1614 1591 si
1632 1539 1763 1593 amareris
1777 1539 1861 1594 licum
1871 1581 1879 1606 ,
1891 1541 2014 1595 ascendis
2028 1541 2061 1594 ad
2081 1543 2180 1596 venun.

1386 1624 1414 1677 ln
1426 1625 1555 1682 enaritate
1569 1627 1615 1681 Dei
1629 1637 1655 1682 et
1669 1629 1782 1698 proximi
1796 1645 1979 1698 exerceamur,
1992 1639 2022 1685 ut
2035 1631 2180 1688 redeamus

1384 1716 1416 1771 ad
1428 1719 1594 1773 claritatem.
1605 1719 1633 1776 Si
1644 1721 1771 1776 cadamus
1785 1721 1809 1774 in
1823 1732 1932 1787 terram,
1947 1723 2142 1779 trrarrescimns
2151 1732 2179 1780 et

1385 1810 1569 1877 putrescimus.
1584 1809 1635 1866 iste
1647 1819 1736 1866 autem
1750 1811 1795 1879 oui
1807 1813 1948 1877 cecinerat,
1962 1814 2125 1869 descensum
2137 1822 2180 1870 est

1384 1898 1417 1953 ael
1430 1914 1490 1953 enm
1500 1911 1551 1967 ,ut
1564 1902 1731 1958 ascenderet.
1749 1903 1892 1959 intendens
1904 1913 2008 1975 tempns
2022 1909 2180 1976 peregrina·

1386 1988 1464 2043 tionis
1478 2005 1542 2054 suae,
1557 1990 1623 2045 dixit
1635 2006 1664 2045 se
1678 1993 1840 2062 peregrinari
1854 1995 1879 2048 in
1891 1994 2068 2051 tabernaculis
2078 1997 2177 2053 Cedar.

1385 2078 1488 2147 Quare?
1507 2081 1573 2148 Quia
1595 2081 1701 2136 ocultum
1721 2085 1878 2155 peregrinata
1894 2093 1930 2141 c'rt
1948 2087 2036 2142 anima
2050 2103 2119 2145 ntea.
2138 2086 2177 2148 lbl

1385 2172 1578 2241 peregrinatur,
1591 2174 1634 2228 nin
1645 2176 1775 2229 ascendit.
1788 2176 1846 2231 Non
1857 2192 1968 2247 corpore
1979 2181 2178 2252 peregrinatur,

1385 2278 1438 2316 nen
1454 2278 1567 2334 corpere
1582 2265 1710 2320 ascendit.
1726 2266 1778 2322 Sed
1792 2268 1834 2322 ulti
1849 2270 1985 2325 ascendit?
1999 2271 2178 2341 Arcerrriorm,

1386 2353 1480 2422 inquit,
1493 2354 1518 2407 in
1532 2355 1615 2408 corde.
1629 2355 1656 2411 Si
1670 2371 1734 2426 ergo
1749 2358 1868 2412 ascendit
1879 2360 1904 2413 in
1915 2359 2005 2425 eunde,
2018 2376 2072 2416 non
2083 2377 2180 2418 asceu-

1385 2442 1423 2497 dit
1438 2458 1485 2513 per
1499 2445 1671 2502 ascensiones
1683 2447 1771 2503 cordis
1785 2449 1835 2504 nisi
1847 2451 1935 2504 anima
1947 2467 2007 2521 qliae
2020 2454 2180 2524 peregrina·

1386 2545 1438 2588 tur.
1452 2534 1504 2591 Sed
1518 2534 1602 2591 donec
1616 2539 1762 2608 perveniat,
1776 2540 1882 2594 atrtltem
1896 2543 2056 2613 peregrinata
2070 2555 2109 2598 ert
2121 2546 2180 2599 arri·

1384 2645 1426 2682 nto
1441 2646 1504 2683 eree.
1520 2629 1588 2686 unit
1600 2628 1629 2685 ln
1641 2632 1807 2688 tabernaculis
1822 2634 1911 2688 Ceder.

1420 2722 1445 2779 e.
1462 2723 1542 2795 [ecre.
1558 2722 1602 2796 7.]
1615 2724 1678 2780 Cam
1692 2726 1731 2780 itis
1747 2728 1790 2797 qui
1805 2727 1912 2782 oderunt
1930 2744 2032 2798 pacem,
2046 2746 2120 2784 mont
2133 2749 2180 2802 pa·

1384 2813 1481 2881 cificns.
1503 2814 1600 2870 Verum
1622 2825 1650 2871 ut
1670 2816 1799 2882 aenens,
1820 2817 1916 2873 iratres
1932 2818 2105 2889 charissimi,
2126 2838 2180 2879 non

1385 2906 1505 2975 poteritis
1523 2906 1637 2975 protere
1653 2922 1732 2977 qrratn
1748 2923 1808 2963 nera
1827 2909 1956 2974 cantetis,
1974 2911 2025 2965 uisi
2039 2913 2182 2980 coepertrts

1385 2995 1471 3051 lacere
1486 2997 1556 3066 qttod
1570 2999 1693 3053 cantatis.
1708 2998 1906 3066 Quantumlibet
1921 3000 1983 3054 illud
1998 2999 2100 3068 dicam,
2113 3018 2182 3074 quo·

1383 3088 1532 3146 modoliliet
1548 3105 1692 3163 exponam,
1707 3091 1942 3162 otraliltuseumque
1957 3094 2045 3149 verinis
2061 3110 2181 3164 versem,

1384 3197 1436 3236 uon
1450 3182 1531 3237 intrat
1544 3182 1570 3236 in
1582 3198 1629 3237 cor
1640 3183 1698 3252 eius
1713 3184 1740 3237 in
1752 3199 1804 3253 qno
1821 3199 1873 3239 non
1887 3194 1929 3240 est
1941 3200 2009 3255 opus
2022 3186 2095 3256 ejus.
2112 3187 2182 3245 inci·

1383 3274 1438 3342 pite
1451 3289 1541 3344 agere,
1555 3282 1582 3328 et
1594 3273 1683 3329 ridete
1697 3275 1759 3344 girid
1776 3277 1926 3345 impramnr.
1939 3277 2015 3333 Tunc
2026 3279 2060 3334 ad
2074 3280 2182 3351 singula

1383 3365 1462 3420 rerlra
1477 3366 1601 3436 lacrymae
1618 3364 1767 3436 profluum,
1783 3379 1846 3422 tune
1859 3368 1983 3424 rsatmus
1995 3379 2139 3439 cantmm,
2152 3382 2181 3428 et

1383 3456 1445 3511 lacit
1458 3471 1506 3512 cor
1518 3456 1588 3527 qnod
1602 3456 1628 3511 in
1644 3457 1751 3512 Psalmo
1762 3467 1895 3514 cantatur.
1908 3461 1994 3528 Quam
2010 3463 2089 3517 multi
2105 3464 2179 3519 enirn

1382 3555 1479 3602 sonant
1496 3562 1578 3609 rece.
1593 3558 1619 3603 et
1632 3548 1713 3603 eorde
1727 3550 1791 3603 muti
1809 3550 1890 3605 sunt?
1905 3552 1937 3606 Ει
1950 3567 2028 3623 qnam
2042 3555 2122 3609 meriti
2136 3564 2180 3609 ta-

1381 3649 1443 3694 cent
1458 3639 1552 3705 laltiis,
1565 3649 1592 3693 et
1609 3639 1724 3694 clamant
1741 3639 1856 3694 ellectu?
1870 3640 1935 3708 Quia
1951 3642 1984 3697 ad
2000 3659 2049 3698 cor
2062 3644 2180 3701 hominis

1381 3744 1460 3785 aures
1471 3730 1517 3785 liei
1530 3747 1536 3785 :
1549 3731 1617 3785 sicut
1627 3746 1706 3786 aeres
1716 3733 1837 3800 corperis
1849 3733 1881 3786 ad
1895 3748 1925 3788 os
1938 3734 2066 3800 hominis,
2081 3736 2181 3792 siceor

1381 3821 1498 3878 hominis
1512 3822 1545 3877 ad
1558 3837 1636 3877 aures
1654 3823 1711 3878 Dei.
1726 3823 1800 3878 llnlti
1815 3824 1905 3878 clauso
1921 3839 1968 3880 ore
1983 3826 2177 3894 exaudiuntnr,

1380 3914 1497 3968 etmulti
1513 3914 1541 3967 in
1558 3913 1661 3984 magnis
1674 3914 1836 3969 clamoribus
1853 3930 1905 3970 non
1922 3915 2116 3973 exaudiuntur.
2132 3920 2180 3974 Al·

1381 4002 1493 4059 lectibus
1505 4019 1582 4059 orare
1592 4003 1729 4071 debemus,
1743 4017 1768 4060 et
1781 4005 1880 4069 dicere,
1895 4006 2004 4062 linitum
2014 4012 2180 4082 peregrinata

1380 4103 1416 4149 ert
1430 4095 1515 4148 animo
1529 4111 1585 4149 ntea
1599 4110 1608 4148 :
1622 4112 1679 4148 cnm
1693 4095 1731 4148 itis
1745 4097 1789 4167 qui
1801 4098 1907 4150 oderunt
1920 4115 2024 4169 pacem,
2041 4117 2114 4155 marn
2131 4118 2180 4171 prt-

1380 4186 1477 4251 cincer.
1491 4186 1559 4254 Quid
1576 4187 1645 4241 enirn
1661 4186 1732 4243 aliud
1745 4187 1858 4243 dicimus
1873 4189 1930 4245 istis
1945 4189 2096 4261 hereticis,
2105 4196 2177 4263 nisi,

1379 4278 1537 4349 Cognoscite
1556 4294 1666 4350 parem,
1682 4289 1769 4336 amate
1784 4283 1894 4350 pacem?
1908 4282 2000 4339 deustos
2013 4300 2063 4340 ros
2078 4288 2177 4345 dicitis.

1379 4371 1432 4428 Sed
1450 4372 1472 4427 si
1489 4372 1553 4441 justi
1571 4373 1684 4436 essetis,
1705 4373 1774 4428 inter
1792 4372 1894 4443 paleam
1914 4390 1996 4444 grana
2017 4380 2176 4446 gemeretis.

1378 4462 1444 4517 Nam
1456 4464 1516 4533 quia
1530 4479 1610 4534 grana
1622 4472 1683 4518 sunt
1695 4463 1720 4517 in
1732 4462 1879 4528 carnotim,
1890 4473 1918 4520 et
1927 4481 1989 4520 rem
2000 4482 2086 4537 grana
2097 4480 2176 4539 sunt;

1379 4554 1439 4609 ideo
1455 4554 1568 4609 tolerant
1581 4553 1700 4623 paleam,
1714 4554 1799 4610 donec
1811 4556 1952 4610 ventiletur
1964 4572 2027 4611 area
2038 4576 2046 4626 ;
2059 4561 2122 4630 qnia
2135 4561 2177 4616 iu-

1379 4653 1421 4698 ter
1441 4645 1543 4714 palemn
1563 4645 1697 4709 clamant,
1719 4643 1776 4700 Hert
1797 4663 1854 4712 nee,
1873 4648 1941 4717 prod
1959 4647 2088 4704 incoletur
2104 4668 2176 4708 meter

1379 4738 1528 4808 longinquus
1543 4738 1626 4806 [ectus
1645 4738 1698 4791 est!
1711 4737 1848 4792 inltrdn'mri
1866 4754 1923 4791 cam
1940 4739 2112 4796 tndcrrrecniir
2126 4742 2176 4797 Ce-

1378 4828 1434 4880 dur.
1452 4826 1614 4892 inhabitati,
1631 4827 1731 4898 inqttit,
1746 4843 1807 4882 eunt
1820 4829 1911 4897 paleis.
1924 4827 1976 4883 Sed
1990 4831 2129 4898 quomodo
2140 4834 2175 4888 tle

1378 4921 1452 4988 palca
1469 4921 1567 4975 nndtus
1581 4912 1668 4974 ininius
1681 4920 1745 4987 exit,
1761 4921 1799 4975 sic
1812 4920 1846 4976 de
1858 4922 1865 4952 ¹
1879 4919 1964 4975 Cedar
1979 4922 2111 4979 teneltrre.
2129 4924 2175 4978 ln·

1377 5010 1486 5063 lralituei
1500 5027 1558 5063 cern
1578 5011 1745 5065 tabernaculis
1763 5011 1845 5066 Ceder
1859 5027 1868 5065 :
1883 5011 1990 5064 arritum
2011 5015 2175 5085 peregrinata

1376 5110 1413 5154 ert
1431 5101 1516 5154 artium
1537 5117 1601 5154 rnen.
1621 5100 1825 5156 Frumentornnt
1846 5117 1896 5156 nox
1916 5110 1975 5168 est,
1992 5103 2064 5158 iuter
2083 5106 2175 5174 paleas

1376 5196 1548 5263 garrientium.
1564 5194 1625 5250 llaee
1644 5196 1777 5265 loquimur
1794 5197 1845 5251 illis
1864 5197 1907 5266 qul
1926 5196 2041 5252 oderunt
2057 5214 2172 5268 pacem

1375 5294 1403 5339 et
1415 5285 1536 5349 dicimus,
1550 5284 1614 5340 Cmn
1624 5286 1662 5339 leis
1671 5286 1714 5356 pai
1727 5285 1833 5341 oderrrnt
1845 5303 1942 5357 parerer,
1955 5303 2025 5340 mune
2038 5290 2172 5359 pacificis.

1375 5375 1425 5442 Qui
1439 5385 1501 5430 sunt
1513 5376 1557 5446 qul
1571 5375 1685 5430 oderunt
1703 5375 1811 5445 pacem?
1824 5376 1874 5444 Qui
1889 5376 2070 5433 eottscindnnt
2084 5380 2173 5436 uerita·

1377 5477 1439 5522 teni.
1456 5465 1484 5523 δί
1497 5468 1567 5523 enirn
1583 5483 1673 5537 pacem
1689 5483 1741 5522 nun
1757 5467 1885 5534 odissent,
1900 5470 1926 5523 in
1940 5472 2043 5527 unitate
2056 5474 2172 5527 mansis·

1375 5568 1443 5614 sent.
1459 5557 1511 5613 Sed
1525 5558 1647 5613 rideliect
1659 5567 1797 5629 propterea
1811 5573 1839 5613 se
1852 5568 2055 5628 separaverunt,
2068 5570 2097 5615 ut
2106 5562 2170 5631 justi

1375 5660 1479 5715 essent,
1494 5660 1521 5704 nt
1536 5667 1588 5706 non
1604 5651 1733 5707 lralrercnt
1752 5652 1851 5706 mixtos
1870 5653 1990 5722 injustos.
2008 5655 2064 5708 dut
2079 5665 2168 5709 nostra

1374 5750 1416 5796 est
1437 5743 1486 5797 ista
1505 5758 1573 5805 ror,
1589 5752 1634 5798 aut
1656 5744 1778 5809 illorum;
1793 5744 1861 5814 elige
1878 5745 1954 5814 enjnrs
1971 5746 2015 5800 sit.
2031 5746 2167 5801 Catholici

1374 5833 1438 5887 dicit
1454 5851 1460 5887 :
1472 5832 1529 5887 Non
1542 5843 1583 5888 cst
1597 5834 1753 5890 dimittenda
1767 5835 1864 5902 unitas,
1877 5851 1929 5890 non
1942 5846 1983 5891 est
1998 5836 2168 5907 praecidenda

1374 5925 1491 5980 Ecclesia
1504 5925 1559 5981 ltei.
1572 5924 1704 5980 iudicabit
1718 5925 1788 5980 Dens
1800 5925 1833 5981 de
1845 5927 1921 5981 malis
1933 5937 1960 5982 et
1973 5927 2052 5983 bernis
2063 5940 2166 5999 postea.

1374 6016 1401 6072 Si
1416 6031 1486 6070 arere
1500 6015 1562 6070 mali
1582 6031 1596 6070 a
1616 6016 1693 6072 neritis
1712 6017 1830 6086 separari
1849 6032 1901 6073 nou
1920 6028 2051 6090 possiem,
2067 6016 2166 6074 lereadi

1410 6130 1418 6159 ¹
1431 6126 1556 6189 carticula,
1568 6129 1608 6190 rte,
1619 6140 1666 6179 non
1679 6135 1718 6179 est
1729 6130 1813 6180 ιιιιιιιι.
