5400 7059
551 704 617 763 tals

547 836 594 877 noo
608 818 696 890 (Porri.
708 830 823 883 urxxrr,
837 812 885 883 7),
900 820 927 869 et
939 812 984 868 ille
996 810 1129 883 perditum
1143 813 1293 880 quereret,
1310 810 1338 858 et

546 918 684 966 amntem
695 906 740 962 ille
753 914 900 967 revocaret,
911 904 956 975 qui
966 903 1039 966 dicit,
1051 899 1125 968 Quod
1135 899 1240 971 perierat
1254 894 1338 965 seqni-

543 1018 614 1069 rttnr,
629 1010 654 1056 et
666 998 733 1072 qaod
745 1006 872 1053 errauerm
884 993 1004 1050 reuocabo
1018 991 1126 1061 (Eucti.
1143 1003 1242 1053 ιιιιι,
1257 986 1319 1056 ilbi

580 1092 611 1147 d.
629 1089 704 1164 [oen.
716 1089 762 1156 ll,
774 1085 831 1160 lit]
853 1085 916 1142 lade
936 1094 978 1141 est
1000 1081 1071 1154 quod
1093 1089 1120 1136 ct
1143 1077 1251 1149 corrigit
1269 1077 1338 1131 uiam

538 1194 625 1239 unta
639 1181 666 1235 in
679 1175 855 1234 custodiendo
866 1175 945 1230 rerba
960 1173 1023 1237 bei,
1038 1172 1084 1226 illo
1096 1175 1224 1240 repente,
1240 1167 1286 1221 illu
1297 1165 1338 1220 ia-

534 1270 638 1329 ciente
650 1286 658 1324 ι
670 1282 756 1339 neque
769 1268 840 1322 euim
853 1279 942 1337 perse
955 1264 1012 1334 ipse
1026 1271 1125 1332 posset,
1139 1274 1199 1315 cum
1209 1258 1340 1314 ieremias

533 1361 680 1433 praebete
691 1358 840 1413 intentaret
850 1356 931 1422 dieat,
944 1354 1016 1419 Scio,
1030 1352 1148 1418 bomine,
1160 1349 1279 1421 quonium
1290 1363 1340 1401 non

531 1463 582 1515 ost
597 1451 711 1508 bonitus
720 1450 761 1503 trie
770 1450 835 1520 ejas,
845 1463 923 1518 rreqtte
932 1448 972 1501 oir
981 1446 1026 1500 ibit
1036 1453 1059 1499 et
1071 1444 1178 1514 cerriqet
1191 1443 1256 1496 oium
1269 1457 1341 1495 suunt

530 1543 660 1615 (dorem
670 1541 793 1614 saliis
804 1540 917 1596 bomine
927 1538 1025 1609 quippe
1041 1537 1091 1591 boe
1103 1536 1183 1590 etiam
1198 1533 1248 1587 iste
1261 1546 1342 1602 supe·

531 1631 739 1703 rius-optarit,
757 1630 801 1686 ubi
816 1630 870 1694 ait,
886 1626 990 1683 Utinam
1005 1626 1147 1697 diripiantur
1159 1625 1207 1678 eioe
1219 1638 1281 1677 mete
1293 1638 1302 1676 .·
1314 1630 1342 1676 ιι

531 1720 590 1779 hie
605 1722 654 1779 ttbi
666 1719 778 1785 addidit,
792 1717 825 1773 in
838 1717 914 1772 eorde
926 1733 980 1771 tneo
994 1714 1115 1769 abscondi
1129 1713 1229 1785 cloquio
1242 1722 1301 1777 tun,
1313 1721 1342 1765 ut

532 1828 599 1869 aron
617 1826 718 1883 peccem
732 1810 792 1874 tibi,·
802 1808 929 1863 cuminum
940 1806 1057 1862 divinum
1068 1805 1189 1874 quesivit
1202 1803 1339 1868 auxilium,

534 1916 581 1959 ne
594 1903 629 1958 in
638 1898 789 1969 cordesius
802 1900 848 1954 bei
861 1898 965 1968 eloquia
976 1898 1035 1953 siue
1049 1896 1134 1951 fructu
1147 1894 1343 1951 abscerrderen-

536 2004 604 2062 tur,
623 1993 676 2049 nisi
690 2007 770 2064 opera
788 1991 898 2062 justitiae
916 1998 1101 2060 sequemutur.
1120 1987 1185 2043 Cum
1199 1988 1270 2043 enim
1291 1988 1342 2041 boe

534 2086 677 2153 dixisset,
687 2083 818 2153 adjunxit,
833 2081 983 2137 benedictas
996 2098 1031 2146 es,
1044 2081 1169 2146 Dorrriue:
1178 2081 1239 2135 dece
1253 2098 1291 2134 rite
1297 2084 1341 2150 J'u·

535 2176 717 2247 stificetiones
731 2186 798 2229 tuno.
815 2174 882 2229 Doce
890 2175 966 2241 dixit,
980 2174 1115 2244 quemodo
1124 2189 1170 2230 cas
1179 2173 1284 2228 diseunt
1297 2173 1341 2243 qui

538 2267 669 2335 laciunt3
683 2283 735 2323 riou
750 2266 885 2337 quemodo
895 2267 921 2321 bi
933 2268 976 2339 qui
988 2276 1017 2322 ut
1030 2266 1143 2322 babeant
1154 2265 1224 2337 qued
1237 2266 1344 2335 loquan-

539 2366 608 2419 tur,
627 2356 809 2411 tantummode
823 2357 1011 2411 irremineruut.
1024 2354 1089 2410 Nam
1104 2357 1194 2425 utique
1203 2355 1258 2426 jam
1271 2355 1343 2410 dise·

538 2456 604 2514 rat,
624 2445 657 2501 ln
670 2447 745 2507 corde
758 2464 812 2502 traco
828 2446 947 2502 uiuendi
959 2447 1058 2516 eloquio
1072 2455 1126 2516 tun,
1138 2454 1166 2501 ut
1180 2463 1231 2501 non
1245 2463 1344 2517 peccem

539 2538 596 2594 tibi
606 2553 618 2592 .·
629 2536 698 2606 Quid
710 2552 774 2608 erqo
788 2537 874 2592 adbuc
884 2552 914 2593 ca
927 2538 1022 2609 quaerit
1031 2537 1144 2603 discere,
1155 2554 1215 2607 que
1229 2538 1343 2594 abscon·

540 2628 608 2687 dita
621 2629 678 2701 jam
689 2627 805 2684 custodit
815 2629 841 2682 in
853 2628 954 2683 eorde?
968 2628 1038 2698 quod
1053 2629 1143 2699 utique
1157 2643 1211 2683 non
1225 2627 1343 2695 lecisset,

540 2724 604 2781 misi
620 2738 653 2779 ea
669 2722 814 2789 didicisset,
831 2721 927 2793 thuid
938 2736 1002 2793 crgo
1012 2721 1087 2777 addit
1100 2732 1127 2777 et
1140 2721 1215 2788 dicit,
1228 2721 1295 2777 boec
1307 2737 1346 2777 nte

534 2816 749 2889 justificationes
763 2824 830 2879 tuos,
842 2814 894 2870 nisi
906 2815 966 2886 quio
977 2829 1023 2871 eas
1033 2814 1089 2871 uult
1100 2815 1221 2871 iaciendo
1230 2815 1344 2879 discere,

539 2912 607 2965 ιιοιι
623 2906 757 2978 loquendo
766 2906 807 2962 rel
819 2907 946 2963 memoria
959 2907 1115 2962 retinendo?
1128 2907 1259 2974 Quoniam
1270 2922 1344 2978 erqo,

538 2994 625 3056 tlcut
640 2996 669 3052 ln
682 2997 734 3051 aliu
749 2996 852 3066 psalmo
865 2997 978 3068 legitur,
994 2996 1198 3051 bendictionem
1215 2999 1284 3053 dubit
1302 3000 1346 3070 qai

538 3086 637 3161 epea·
647 3086 715 3141 dedit
727 3083 813 3157 (Psoi.
825 3082 936 3153 uitam,
948 3085 991 3159 8);
1003 3086 1073 3152 ideo,
1088 3085 1238 3141 Benedictus
1250 3103 1284 3152 es,
1297 3087 1346 3142 bo

538 3176 640 3243 eninm
653 3176 715 3230 doce
726 3168 894 3247 rire,'inqnit‚
905 3177 1102 3247 justificationes
1117 3185 1183 3233 tum.
1195 3177 1261 3244 Quia
1274 3177 1346 3233 enim

539 3266 578 3325 in
600 3266 687 3323 coede
705 3278 764 3323 meo
782 3266 909 3322 abscondi
923 3267 1027 3339 eloquia
1043 3278 1104 3334 tua,
1121 3278 1149 3325 ut
1163 3284 1216 3324 nen
1238 3284 1346 3340 pecceru

539 3358 622 3425 tibi,
638 3358 723 3429 legem
743 3357 855 3425 dedisti3
871 3357 904 3413 da
917 3359 997 3414 etiam
1011 3359 1227 3415 benedictionem
1242 3360 1346 3431 gratim,

490 3431 504 3445 '
539 3448 720 3507 moerente
730 3448 910 3523 tacuitque
922 3451 1070 3507 tranando
1082 3452 1195 3521 tussam
1210 3451 1349 3510 treenta

538 3542 620 3609 tlrrt,
638 3548 670 3596 ut
682 3548 776 3597 vestrae
786 3552 891 3598 mentes
905 3543 962 3598 sine
975 3541 1081 3598 fastidio
1091 3544 1257 3601 nutrientur:
1266 3546 1347 3602 siiuur

539 3646 709 3691 umorem
721 3632 873 3691 desiderant
886 3649 945 3704 que
960 3644 1116 3706 sequuntur.

885 3760 970 3800 stulto
985 3761 1020 3800 tt.

573 3858 619 3925 ι.
642 3854 717 3929 [mc
736 3854 791 3929 ra]
813 3834 1154 3926 instrumentorumque
1168 3867 1208 3912 ea
1223 3859 1301 3914 nonis
1321 3861 1348 3916 tn

540 3947 663 4016 psatrm
672 3932 709 4001 'de
721 3960 774 4016 quo
785 3946 963 4015 disputamus,
973 3946 1016 4001 bie
1028 3962 1123 4002 uersus
1135 3966 1141 4001 :
1154 3948 1187 4002 in
1201 3948 1274 4005 tertiis
1287 3953 1349 4007 erreis

539 4012 687 4107 cinnum
702 4037 788 4090 unna
795 4037 897 4107 recreta
907 4037 957 4092 ortt
967 4038 1012 4091 nt
1024 4037 1094 4106 eutr
1106 4045 1148 4094 est
1158 4038 1219 4104 troc,
1232 4041 1350 4097 tiresus

540 4126 639 4195 until
653 4126 716 4197 quid
729 4135 770 4185 est
783 4126 851 4183 lmcl
861 4127 925 4196 Quis
937 4129 1025 4184 omnia
1036 4129 1135 4199 iudicia
1150 4130 1196 4186 bei
1210 4133 1349 4188 enuntiare

537 4220 661 4295 possit,
681 4234 741 4275 cum
765 4220 998 4291 investigaretur
1022 4223 1124 4291 possit?
1138 4225 1178 4278 Αιι
1201 4240 1265 4280 vcro
1288 4240 1349 4281 cum

537 4318 689 4393 Apoecide
702 4313 853 4375 caclrmute
871 4313 1039 4385 tumemus,
1054 4332 1063 4371 ι
1080 4315 1228 4375 Oaltitutio
1243 4317 1349 4371 diuitia-

536 4420 615 4468 rurn
640 4409 779 4479 sapientie
802 4419 830 4465 et
847 4410 966 4466 oeterni-e
992 4411 1052 4465 bei!
1074 4424 1152 4479 quam
1169 4408 1349 4466 tractutnbtba

535 4509 618 4557 suut
626 4496 806 4572 judiciadtts,
817 4510 844 4555 et
854 4500 1052 4568 iuvestigabiles
1061 4501 1111 4554 rim
1121 4501 1178 4568 ejus
1190 4519 1199 4553 ι
1211 4500 1298 4574 (ilorn
1310 4520 1348 4573 ιι,

537 4588 587 4665 33
596 4593 627 4664 il
651 4588 779 4646 [lentitius
792 4590 874 4659 dicit,
893 4610 902 4642 t
918 4587 1013 4646 Adbuc
1026 4591 1107 4645 rnnita
1121 4591 1206 4647 babeo
1218 4593 1293 4649 tobis
1306 4594 1348 4650 dl·

536 4694 619 4739 ειη
631 4722 640 4747 ,
653 4679 702 4737 sed
721 4696 774 4737 nun
789 4682 900 4751 potestis
924 4690 1030 4751 portare
1051 4681 1149 4736 uredo:
1166 4693 1216 4738 ret
1230 4684 1352 4755 qrranrris

537 4774 691 4831 censitum
711 4774 863 4843 promiserit
874 4773 914 4828 eis
926 4787 1032 4828 emerem
1050 4774 1189 4829 veritatem
1208 4790 1254 4846 per
1267 4774 1351 4846 Spiri-

540 4872 613 4925 tum
627 4874 750 4921 sumtum
763 4864 853 4936 (loon.
863 4880 924 4929 ιιι,
937 4864 985 4930 ts,
997 4864 1057 4936 i3);
1072 4865 1170 4920 claritat
1184 4874 1271 4922 tauma
1286 4868 1350 4923 bea-

543 4962 600 5013 tus
620 4953 737 5018 Paulus,
751 4953 793 5009 Es
806 4965 877 5025 purte
889 4956 1001 5022 ocimum·
1015 4965 1044 5010 ut
1059 4956 1237 5026 intelligamus
1250 4957 1351 5027 Spiritu

546 5048 671 5121 quidem
687 5056 790 5114 sancto,
805 5047 876 5104 uude
892 5048 987 5119 pignus
1001 5049 1162 5118 accepimus,
1180 5050 1287 5119 perduci
1302 5067 1352 5107 tres

552 5140 590 5201 ad
609 5152 722 5195 omnem
737 5139 893 5206 veritatem
909 5140 956 5194 sed
970 5154 1031 5194 curn
1044 5140 1070 5193 in
1084 5139 1163 5194 aliem
1179 5141 1274 5207 riuum,
1292 5153 1353 5214 pust

555 5228 644 5301 liujus
657 5229 719 5285 uitae
732 5229 869 5298 speculum
883 5238 911 5285 et
922 5231 1033 5300 auiqtna
1046 5271 1053 5296 ,
1068 5232 1230 5295 reperimus,
1246 5245 1271 5287 et
1284 5233 1353 5290 lucie

557 5322 593 5375 att
614 5320 712 5374 taciem
731 5319 876 5375 viderimus
890 5322 898 5352 ¹
910 5323 919 5391 t
930 5321 938 5374 i
950 5322 1009 5375 Cor.
1022 5337 1085 5383 ιιιι,
1100 5322 1126 5385 9,
1144 5322 1198 5393 tt).
1213 5324 1352 5392 ernrnnrln

562 5424 626 5480 crgo
645 5410 696 5465 iste
715 5409 796 5474 dicit,
811 5409 845 5464 In
858 5410 930 5465 initiis
944 5413 1005 5465 atreb
1017 5415 1143 5467 ermntiooi
1155 5416 1239 5468 errrnin
1255 5416 1354 5487 judicie

563 5501 612 5554 oris
637 5499 694 5555 tuil
716 5500 749 5555 Et
770 5501 816 5556 ille
837 5503 889 5556 lmc
900 5502 974 5570 dicit,
990 5504 1034 5572 qui
1048 5503 1126 5572 paulu
1141 5516 1202 5559 ante
1215 5507 1354 5575 superiore

565 5607 644 5649 rersu
666 5592 788 5661 prosimu
801 5593 922 5660 dixerat,
936 5596 1007 5656 Doce
1023 5612 1063 5650 me
1078 5597 1272 5665 inestimatione
1286 5614 1351 5654 triers.

566 5684 621 5750 brie
647 5692 726 5751 pactu
740 5682 819 5753 igitur
833 5685 980 5740 etrumiarit
995 5688 1085 5740 omnia
1096 5687 1193 5756 judicia
1209 5691 1351 5761 euscius,

564 5774 607 5845 qni
621 5775 680 5831 vait
692 5774 780 5832 adhue
790 5776 893 5833 discere
905 5778 1108 5845 iustificationes
1120 5780 1242 5849 ejnslbn
1254 5783 1351 5854 judicia

564 5863 672 5937 quidem
686 5875 780 5921 cuncta
792 5866 846 5935 jam
862 5878 983 5932 creuerat,
995 5868 1199 5938 justiticatienes
1212 5884 1300 5928 auteur
1311 5874 1353 5930 ad·

593 6001 601 6031 ¹
624 6006 665 6046 nm
677 6004 703 6047 et
724 6004 789 6060 stes,
799 5998 843 6050 sed
857 6012 912 6049 cunt
921 5999 946 6049 in
957 5998 1006 6051 nlin
1017 6000 1073 6058 obe,
1085 6010 1136 6064 post
1147 6002 1219 6064 ltnim
1233 6006 1288 6057 tine
1299 6021 1355 6072 spe.

561 6057 643 6131 cuturn
654 6066 677 6109 et
686 6057 789 6169 mrigera
800 6060 861 6120 tercie
868 6062 900 6112 ml
908 6060 995 6132 tidem
1003 6064 1135 6115 comnenae
1145 6079 1151 6115 :
1162 6068 1207 6116 uisi
1216 6070 1280 6129 quud
1291 6069 1354 6134 tem,

558 6134 676 6186 amone,
688 6133 728 6184 qur
761 6134 784 6170 m
794 6124 894 6175 babent.
905 6130 1041 6186 mmqrtmtn.

719 6199 854 6263 l'nuuet.
879 6202 1039 6266 xxxta.

1075 684 1323 751 sunamitidis
1343 682 1503 741 bsnttltltt
1521 684 1636 743 cxvttt.

2111 690 2179 747 ttttt

1393 797 1446 853 bue
1457 799 1560 855 discere
1572 801 1711 871 cupiebat?
1724 802 1779 857 lluc
1791 816 1856 857 uero
1867 812 1909 857 est
1921 802 2079 865 mirabilius.
2090 807 2113 861 si
2124 807 2181 876 jara

1391 891 1492 947 sciebat
1504 892 1683 949 inscrutabilia
1700 893 1763 959 Dei,
1777 904 1804 952 et
1818 909 1920 964 eaquae
1940 895 2091 953 bominibus
2110 914 2182 969 prm·

1391 986 1462 1054 cepit
1483 985 1602 1041 iacienda
1625 985 1773 1041 nesciebat.
1795 986 2086 1044 Jrrstiltcatierreseuim
2101 1001 2182 1057 siun,

1392 1090 1444 1129 nen
1459 1075 1539 1140 dieta,
1555 1075 1601 1130 sed
1615 1073 1682 1130 lucta
1693 1076 1813 1145 justitie,
1827 1094 1909 1148 opera
1924 1080 2025 1135 scilieet
2036 1082 2181 1151 lustinum,

1392 1182 1451 1235 qme
1464 1167 1576 1235 imperat
1590 1168 1668 1222 bens.
1681 1166 1744 1222 ideo
1754 1180 1842 1224 autern
1857 1171 1903 1226 Dei
1917 1172 2051 1240 dicuntur,
2061 1177 2185 1244 queraris

1392 1255 1496 1310 anobis
1511 1257 1584 1321 liam,
1600 1258 1661 1325 (quia
1677 1257 1728 1313 uisi
1743 1258 1800 1329 ipso
1813 1259 1930 1317 donante
1943 1278 1995 1318 nun
2011 1264 2087 1320 liunt.
2105 1265 2182 1321 iudi-

1392 1346 1432 1401 cia
1447 1360 1527 1417 porro
1541 1347 1586 1401 liei
1602 1357 1680 1415 sunt,
1696 1349 1793 1419 quibus
1807 1349 1841 1405 ab
1855 1365 1888 1405 eo
1901 1354 2015 1407 inantus
2029 1364 2057 1409 et
2074 1366 2186 1411 nuncet

1393 1436 1419 1491 iu
1435 1436 1488 1492 line
1501 1438 1590 1493 saeculi
1601 1438 1746 1507 judicatur.
1760 1439 1813 1496 Sed
1825 1455 1885 1497 euru
1899 1441 2012 1514 eloquiis
2032 1444 2080 1501 liei
2092 1447 2184 1501 omnia

1393 1527 1593 1593 contineantur,
1608 1539 1635 1583 et
1654 1530 1861 1599 justificationes
1878 1533 2002 1590 uidelicet
2020 1545 2047 1591 et
2064 1536 2182 1607 judicia;

1393 1630 1441 1672 eur
1451 1618 1547 1688 quaerit
1560 1619 1648 1674 adbuc
1664 1620 1870 1691 justificationes
1886 1623 2008 1693 discere,
2019 1627 2064 1694 itui
2079 1628 2185 1697 eloquia

1394 1709 1440 1766 Dei
1454 1726 1484 1766 se
1497 1709 1670 1769 abscondisse
1682 1714 1708 1767 in
1721 1715 1802 1771 eorde
1813 1717 1894 1771 dicitl
1907 1718 2033 1775 biterrim
2045 1760 2052 1783 ,
2064 1717 2099 1774 ln
2110 1721 2186 1775 corde

1395 1815 1450 1853 nteo
1462 1798 1581 1855 abscondi
1596 1802 1693 1871 eloquio
1708 1814 1760 1869 tue,
1776 1815 1803 1859 ut
1817 1822 1867 1860 non
1879 1824 1978 1877 peccem
1992 1809 2036 1863 tibi
2050 1825 2058 1866 t
2074 1820 2128 1865 tum
2144 1826 2187 1867 se·

1394 1902 1471 1950 cutus
1484 1894 1615 1965 adjunxit,
1630 1895 1780 1952 Rerredt'ctus
1791 1915 1826 1959 cs,
1845 1898 1968 1966 bonrtne‚·
1982 1901 2044 1955 doce
2056 1920 2096 1957 nte
2104 1903 2186 1973 justi·

1394 1987 1524 2055 flectiones
1534 2000 1590 2043 tuns
1598 2005 1608 2053 ,·
1622 2004 1653 2044 ac
1666 1989 1770 2056 deiude,
1782 1990 1815 2045 ln
1828 1993 1903 2047 ltrbiis
1913 2011 1984 2061 tuens,
2001 1996 2095 2065 iniquit,
2107 2013 2187 2053 enun-

1393 2078 1454 2133 tioui
1477 2080 1562 2134 orrtrtie
1580 2081 1681 2153 judicio
1701 2083 1752 2137 oris
1778 2085 1824 2137 tui.
1853 2084 1979 2139 l'ideutur
2001 2086 2108 2156 quidem
2133 2087 2188 2143 due

1394 2170 1445 2224 ista
1456 2169 1525 2225 iuter
1534 2186 1563 2225 se
1575 2186 1627 2226 uon
1639 2188 1699 2227 esse
1709 2176 1852 2239 centraria,
1865 2175 1917 2231 iuro
1928 2190 1988 2230 esse
2002 2177 2089 2245 petius
2101 2180 2188 2234 artrica

1396 2270 1476 2331 atque
1488 2261 1650 2330 conjuncta,
1667 2273 1695 2318 ut
1707 2268 1831 2334 quoniam
1847 2266 1873 2319 in
1889 2267 1970 2322 corde
1984 2283 2033 2322 suu
2047 2268 2188 2324 abscrunlit

1395 2353 1500 2423 eloquia
1515 2354 1573 2420 liei,
1587 2355 1613 2409 lu
1629 2356 1705 2411 labiis
1716 2358 1772 2412 suis
1780 2359 1878 2429 judicia
1889 2360 1948 2430 eius
1960 2364 2094 2427 entttrtiet;
2106 2361 2189 2419 Cerdo

1396 2443 1462 2497 enirn
1474 2445 1586 2499 ereditur
1598 2446 1632 2499 nd
1640 2446 1783 2515 justitium,
1800 2465 1843 2503 ore
1860 2462 1943 2504 autern
1959 2457 2083 2524 confessio
2101 2456 2130 2524 fit
2152 2456 2187 2509 ud

1396 2534 1502 2588 sulutem
1517 2536 1604 2605 (bertr.
1619 2552 1648 2601 x,
1661 2538 1706 2611 tbi
1719 2557 1725 2592 :
1737 2540 1784 2595 sed
1803 2541 1873 2611 quod
1897 2543 1968 2599 inter
1987 2546 2044 2601 inec
2060 2545 2113 2602 duo
2133 2565 2190 2603 mc·

1397 2623 1470 2680 dium
1484 2627 1590 2696 posuit,
1603 2627 1753 2684 Benedictus
1765 2646 1808 2694 es,
1823 2630 1949 2699 Dottunc,·
1962 2635 2024 2690 doce
2038 2653 2077 2691 nte
2087 2638 2188 2708 justifi-

1398 2716 1508 2771 cationes
1530 2729 1601 2784 tuus,
1621 2720 1756 2789 quomode
1777 2723 1919 2778 conmutat
1940 2725 2041 2780 bomini
2062 2727 2139 2797 cujrrs
2162 2730 2190 2784 iu

1397 2808 1479 2863 corde
1495 2809 1550 2878 jam
1565 2819 1627 2865 surrt
1638 2810 1741 2882 elrrquia
1755 2812 1820 2881 bei,
1832 2823 1859 2870 et
1871 2817 1917 2886 qui
1939 2817 2016 2874 labiis
2029 2820 2084 2874 suis
2098 2836 2187 2876 erran·

1399 2901 1473 2955 tinuit
1485 2903 1572 2957 emnia
1582 2903 1680 2973 judicia
1695 2905 1752 2974 bei,
1764 2916 1792 2961 ut
1802 2906 1889 2964 adbuc
1900 2910 1962 2965 uelit
1974 2911 2078 2980 disqere
2087 2912 2188 2983 justili-

1398 2997 1517 3051 cationes
1529 2997 1595 3064 bei,
1610 3012 1662 3053 ιιοιι
1678 2999 1821 3067 inuenitur,
1838 3002 1889 3057 nisi
1901 3010 1931 3058 ut
1941 3018 1987 3059 eas
2001 3004 2105 3063 discere
2118 3006 2188 3063 uelle

1399 3086 1564 3158 intelligatur
1583 3087 1723 3156 iaciendo,
1737 3105 1791 3146 non
1807 3093 1935 3147 memmia
1949 3094 2090 3151 retinendo
2104 3106 2131 3151 et
2144 3097 2187 3153 ln·

1399 3176 1519 3246 quondm
1534 3186 1562 3232 et
1575 3177 1601 3232 id
1616 3193 1630 3232 a
1645 3178 1759 3236 Domino
1770 3180 1963 3239 demonstrauit
1974 3184 2073 3241 debere
2084 3201 2134 3242 nos
2144 3202 2191 3258 pe·

1400 3274 1472 3332 tere,
1487 3268 1545 3323 siue
1560 3284 1613 3339 que
1628 3270 1693 3325 nibil
1707 3286 1849 3342 possumus
1863 3274 1960 3331 tacere.
1978 3275 2032 3331 Sed
2054 3276 2107 3334 bec
2128 3289 2191 3335 arrtc

1400 3356 1480 3412 istum
1495 3358 1548 3413 aliu
1558 3360 1613 3429 jam
1628 3376 1753 3419 sermone
1767 3366 1939 3423 tractavimus
1951 3385 1958 3421 ι
1972 3384 2044 3425 nune
2053 3386 2116 3427 vero
2128 3387 2191 3442 qun-

1399 3445 1479 3501 tnodo
1491 3463 1521 3503 se
1533 3448 1631 3505 dixerit
1645 3453 1734 3507 otrruia
1745 3453 1845 3524 judicia
1858 3457 1914 3512 oris
1931 3458 1980 3513 bei
1995 3459 2021 3513 in
2042 3459 2120 3517 labiis
2133 3463 2191 3518 suis

1399 3539 1565 3607 enuntiasse,
1576 3554 1635 3595 eum
1647 3541 1783 3599 dictasint
1795 3544 1983 3615 inscrutabilia,
1995 3549 2066 3606 etde
2076 3567 2189 3621 querum

1400 3628 1581 3698 qrrolunditate
1596 3631 1658 3687 alibi
1679 3634 1809 3704 scriptum
1830 3645 1888 3705 est,
1905 3635 2012 3694 dedicio
2031 3650 2074 3695 tue
2086 3642 2192 3713 copem
2220 3716 2223 3721 ι

1399 3721 1479 3775 neutro
1490 3720 1576 3791 (Psoi.
1587 3739 1678 3791 xxxv,
1690 3723 1717 3797 l)
1727 3741 1735 3792 ;
1746 3737 1875 3797 quantum
1890 3730 1960 3786 bees
1969 3731 2063 3800 derret,
2075 3742 2191 3791 tractare

1399 3814 1575 3883 suscepimus.

1434 3903 1463 3958 Ξ.
1483 3906 1551 3970 Quid
1566 3922 1629 3978 erqo
1643 3907 1686 3964 bic
1696 3908 1883 3981 intelligamus,
1903 3914 2043 3972 attendite.
2057 3916 2192 3989 Numquid

1398 3994 1498 4064 judicia
1512 3996 1559 4052 llei
1573 4000 1657 4054 ueseit
1670 4000 1806 4057 Ecclesiat
1820 4002 1876 4059 Scit
1895 4005 1983 4076 plane.
1997 4007 2062 4062 llam
2077 4012 2128 4065 seit
2139 4012 2191 4065 uti·

1400 4103 1452 4154 qne
1460 4087 1582 4158 qualibus
1591 4090 1710 4146 dicturus
1719 4093 1752 4148 sit
1760 4092 1841 4163 juder
1853 4096 2006 4153 risurumet
2014 4110 2190 4170 mortiterum,

1406 4176 1501 4242 Venite,
1521 4179 1643 4234 bertedlcti
1653 4179 1739 4237 Petris
1751 4183 1810 4252 arrei,
1823 4186 1943 4256 percipite
1955 4204 2079 4259 repnurug
2091 4201 2118 4247 et
2126 4210 2192 4263 qun·

1401 4268 1471 4325 libus
1484 4269 1603 4326 dicturus
1616 4273 1660 4337 sit,
1677 4273 1717 4328 ite
1734 4275 1760 4328 in
1772 4274 1855 4347 iqurnt
1867 4290 1988 4333 oeternum
2001 4279 2012 4353 (
2025 4280 2189 4350 blottbmau,

1401 4358 1447 4425 bt,
1461 4360 1493 4415 li
1507 4358 1526 4430 ).
1552 4360 1628 4427 Scit,
1649 4364 1755 4433 iuquam
1770 4406 1778 4432 ,
1802 4382 1889 4437 neque
1902 4369 2092 4439 iornieateres,
2107 4391 2194 4447 neque

1402 4452 1480 4508 idelis
1492 4457 1649 4519 servientes,
1662 4472 1749 4526 necque
1760 4457 1820 4512 iilos
1832 4468 1911 4529 atque
1923 4462 1992 4526 illus,
2004 4467 2117 4535 quesibi
2129 4484 2193 4538 ape·

1402 4544 1598 4603 stnlrrsPaulus
1626 4558 1783 4611 enumerat,
1812 4565 1922 4620 regnum
1950 4553 1997 4608 bei
2022 4571 2191 4624 possessuros

1404 4635 1510 4705 (ider.
1526 4650 1560 4704 ιι,
1578 4634 1606 4701 tt,
1621 4634 1674 4708 tb)
1691 4654 1697 4690 τ
1713 4639 1763 4692 scit
1783 4639 1847 4694 iram
1861 4649 1888 4696 et
1902 4640 2130 4715 indignationem,
2146 4650 2190 4703 tri-

1402 4726 1564 4785 bulationem
1580 4739 1606 4785 et
1620 4730 1753 4803 attgusbas
1771 4731 1797 4785 iu
1820 4748 1925 4788 onmem
1939 4737 2054 4794 auitrram
2078 4739 2194 4799 bortrinis

1403 4819 1537 4886 operantis
1563 4822 1660 4876 malum
1673 4864 1681 4891 ,
1695 4823 1779 4879 Judmi
1792 4824 1907 4896 prirtttbtt
1928 4835 1955 4884 et
1967 4826 2067 4896 Gr·teci;
2081 4832 2194 4902 pitiniano

1403 4924 1477 4973 reru,
1492 4920 1518 4967 et
1533 4911 1661 4968 bonorem
1676 4956 1683 4981 ,
1699 4926 1726 4971 et
1745 4932 1837 4987 pacem
1853 4921 1925 4975 ‹intrri
1939 4926 2059 4991 operanti
2075 4925 2193 4994 borrrrnr,

1404 4999 1497 5056 Judteo
1512 5002 1626 5072 primurn
1640 5015 1668 5061 et
1682 5006 1776 5063 Graue
1794 5008 1882 5081 (ilem
1898 5027 1927 5077 ιι,
1941 5012 1958 5068 9
1971 5024 1995 5067 ct
2010 5014 2065 5087 tbi.
2080 5015 2144 5072 lla-c
2155 5027 2195 5071 at-

1404 5106 1457 5160 que
1472 5093 1622 5163 hujusmodi
1643 5096 1742 5166 judicia
1757 5099 1803 5154 bei
1825 5100 1963 5159 euidenter
1983 5120 2109 5175 expresso
2122 5109 2196 5164 norit

1404 5182 1523 5239 Ecclesia
1535 5203 1541 5237 :
1554 5187 1601 5242 scd
1612 5202 1665 5241 nen
1677 5188 1732 5259 ipsa
1747 5199 1809 5245 sunl
1820 5193 1924 5259 οιιιιιὶις
1935 5210 1996 5250 cunr
2011 5198 2063 5253 sint
2072 5201 2195 5270 quedam

1406 5276 1596 5344 inscrutabilia,
1612 5289 1639 5335 ct
1651 5281 1717 5335 sicut
1730 5282 1841 5353 alryssus
1855 5285 1952 5356 ,multa
1967 5291 2096 5358 protunda
2109 5301 2137 5348 et
2148 5308 2196 5348 oc·

1405 5368 1485 5423 culta.
1503 5370 1543 5423 Λιι
1558 5379 1584 5424 et
1599 5370 1654 5439 ipsa
1669 5381 1729 5426 nota
1748 5382 1810 5428 suut
1826 5376 1984 5445 quibusdam
1998 5382 2195 5437 excellentiori-

1406 5460 1456 5515 bus
1471 5463 1600 5518 membris
1610 5462 1725 5519 linuriuis
1741 5465 1836 5535 buius,
1850 5469 1965 5538 quicum
1979 5474 2126 5541 suocapite
2138 5472 2196 5529 Sal·

1406 5562 1498 5608 rator-e
1514 5561 1584 5608 totns
1599 5565 1640 5609 est
1652 5555 1796 5611 diuinus?
1807 5558 1987 5616 inscrutabilia
2000 5564 2070 5617 enirn
2083 5564 2196 5619 fortasse

1406 5642 1474 5698 dicta
1498 5653 1559 5697 strrrt
1584 5645 1705 5711 bennui,
1729 5649 1789 5717 quin
1805 5650 1906 5706 uiribus
1929 5651 1984 5706 suis
1996 5668 2027 5707 ea
2043 5669 2094 5707 tren
2108 5663 2196 5723 petest

1406 5736 1577 5807 perscrutari.
1592 5736 1644 5791 Sed
1658 5753 1705 5792 cur
1721 5754 1772 5794 neu
1788 5743 1872 5812 pessit
1884 5743 1955 5799 dono
1969 5744 2084 5815 Spiritus
2099 5749 2193 5815 sancti,

1406 5827 1563 5896 ericumque
1577 5827 1626 5881 lue
1641 5829 1768 5884 bentibus
1783 5832 1904 5889 conicere
1914 5835 2056 5907 dignatur?
2068 5837 2112 5891 Sic
2123 5854 2194 5893 enirm

1406 5917 1471 5973 illud
1492 5918 1590 5974 dictum
1615 5930 1676 5986 est,
1704 5922 1772 5977 licus
1791 5925 1885 5979 trottae
1905 5927 1984 5981 lrrccrn
2000 5929 2195 5986 irrncrcsubilrnr

1406 6010 1517 6082 (ll'nn.
1531 6027 1567 6075 ιι,
1582 6011 1615 6066 ld
1628 6018 1655 6076 ις
1672 6022 1699 6067 ιι
1713 6016 1833 6069 :tradimus
1848 6026 1945 6082 tartara,
1959 6020 2072 6075 :lrrrtlite
2083 6022 2117 6076 od
2126 6039 2194 6083 etrite,

1408 6111 1430 6156 ct
1446 6102 1626 6156 illuminemini
1638 6104 1648 6178 (
1659 6103 1729 6159 Puri.
1748 6122 1842 6171 ιιιιιι,
1858 6108 1904 6177 5).
1916 6109 1979 6177 ere
1994 6112 2084 6182 utique
2094 6114 2128 6171 ita
2140 6118 2194 6173 sui·

1786 6222 2079 6297 ,ostentante-ituit.)
