5400 7059
593 521 602 550 Ι

536 682 605 736 ilbi

539 797 653 868 perierat
667 801 695 849 et
706 792 829 848 inventus
843 800 884 847 est
896 788 972 860 (Luc.
989 804 1033 853 xv,
1048 787 1075 854 6,
1089 784 1151 858 st);
1166 793 1254 840 cantet
1269 785 1319 839 boc

538 888 625 941 :torinna
639 894 745 951 nostra,
759 884 854 938 iratres
867 891 893 937 et
909 880 952 934 tilii
968 878 1127 935 charissimi.
1151 875 1319 942 b'rudiamur,

539 991 566 1034 ot
579 991 798 1050 permaneamus,
812 984 839 1031 ct
850 990 910 1029 cum
923 972 1022 1027 sanctis
1036 972 1085 1026 ista
1099 978 1258 1026 mutemus:
1272 967 1319 1021 ut-

539 1071 606 1137 leai,
620 1069 738 1140 qnoniam
751 1056 867 1121 exaudiet
888 1064 1013 1118 Dominae
1036 1078 1120 1117 uocem
1140 1060 1321 1131 deprecationis

539 1178 609 1216 orroe.
626 1159 755 1228 Numquid
771 1157 827 1227 ipsa
841 1156 966 1227 diligendi
979 1162 1123 1221 causaest,
1137 1152 1256 1223 quoniam
1270 1151 1322 1205 llo·

538 1254 620 1308 minan
641 1248 756 1305 exaudiet
778 1264 863 1303 uocem
882 1246 1064 1318 deprecationis
1077 1246 1156 1300 merel
1167 1259 1198 1299 ac
1209 1259 1259 1299 non
1276 1259 1322 1312 po·

538 1347 590 1400 tius
604 1352 648 1398 ant
661 1342 721 1398 idco
733 1340 868 1413 diligimus
889 1340 949 1412 quia
965 1338 1113 1404 exaudivit,
1126 1346 1172 1391 aut
1187 1336 1247 1392 ideo
1260 1335 1321 1391 dili·

537 1439 622 1508 girans
637 1445 666 1491 ut
679 1435 818 1490 exaudiat?
835 1434 904 1501 Quid
926 1442 968 1490 cst
991 1448 1070 1504 ergo,
1087 1431 1189 1498 bileei,
1203 1431 1323 1503 qnoniam

537 1527 671 1582 exaudiet?
685 1530 727 1581 bn
742 1526 803 1597 qnia
816 1525 987 1581 dilectionem
999 1538 1061 1595 spes
1073 1523 1143 1578 solet
1158 1521 1319 1586 accendere,

537 1619 661 1675 dilexisse
689 1633 720 1675 se
746 1617 832 1684 dixit,
852 1618 976 1687 quoniam
999 1615 1116 1684 sperarit
1137 1613 1322 1697 exauditurum

539 1710 620 1764 Deum
635 1723 727 1764 rocem
741 1707 934 1778 deprecationis
949 1706 1021 1761 suari
1073 1765 1076 1772 ,

571 1799 598 1852 ι.
614 1797 688 1872 [aera.
701 1797 730 1866 2,
742 1797 782 1871 ὅ.)
796 1797 870 1855 Unde
884 1808 972 1853 autem
988 1797 1039 1852 boe
1052 1796 1184 1867 speravitt
1196 1796 1322 1865 Quoniam

537 1890 684 1956 inclinarit,
701 1889 800 1960 inquit,
813 1905 900 1942 aurem
912 1905 985 1942 anam
998 1887 1070 1953 orilti,
1084 1897 1108 1942 et
1124 1888 1151 1942 in
1164 1887 1251 1942 diebus
1262 1886 1323 1942 meis

537 1960 658 2034 invocari.
680 1980 751 2050 Ergo
765 1979 825 2036 ideo
838 1979 937 2045 dilexi,
953 1979 1078 2050 quoniam
1094 1979 1217 2034 exaudiet
1231 1996 1238 2042 ;
1261 1978 1322 2033 ideo

538 2070 679 2136 exaudiet,
696 2072 814 2141 qnorriont
836 2069 966 2124 inclinauit
986 2086 1073 2123 aurern
1094 2086 1166 2124 ruam
1179 2069 1251 2122 rutilii.
1269 2066 1322 2124 sod

540 2163 610 2219 unde
624 2164 686 2227 sris,
701 2165 817 2218 oanima
829 2163 955 2230 bumana,
966 2162 1035 2233 qtrod
1048 2162 1184 2217 inclinavit
1198 2163 1323 2216 Densau-

539 2271 595 2313 rem
610 2271 684 2313 suam
699 2257 756 2321 tibi,
772 2257 822 2312 nisi
837 2255 921 2331 dicas,
937 2255 1061 2309 Credidi?
1074 2255 1182 2310 blaneut
1194 2269 1258 2325 ergo
1273 2255 1322 2309 tria

539 2348 606 2410 liare,
622 2345 698 2412 ludes,
712 2361 784 2416 spes,
797 2345 913 2400 charitas
926 2345 954 2414 ll
966 2346 1024 2401 Cor.
1040 2362 1098 2412 rur,
1114 2346 1160 2416 13)
1173 2362 1179 2396 :
1191 2346 1251 2416 quia
1262 2360 1322 2400 ere·

538 2436 638 2503 didisti,
651 2437 779 2506 sperasti;
795 2437 855 2507 quia
871 2437 994 2505 sperasti,
1008 2435 1133 2490 dilexisti.
1145 2434 1203 2489 lam
1216 2436 1238 2489 si
1250 2451 1323 2504 qum-

540 2542 595 2581 ram
622 2528 691 2582 trude
718 2527 861 2584 crediderit
885 2529 971 2582 anima
996 2527 1138 2583 inclinasse
1160 2529 1209 2583 sibi
1232 2543 1322 2583 aurem

540 2619 622 2672 boum
635 2633 728 2684 suurn;
742 2632 831 2672 nonne
843 2617 1030 2688 respondebit:
1041 2617 1108 2685 Quia
1126 2637 1135 2669 ι
1150 2619 1223 2688 prior
1232 2618 1323 2674 dilexit

540 2723 597 2774 urs,
613 2718 640 2763 et
662 2706 729 2763 Filio
751 2707 859 2778 proprio
884 2723 935 2762 nou
959 2710 1094 2778 pepercit,
1107 2709 1154 2764 sed
1177 2727 1224 2777 pro
1247 2710 1323 2764 uobis

538 2799 661 2853 urnrribus
675 2797 851 2854 tradiditeurn
865 2818 874 2852 ι
888 2797 976 2869 (lione
993 2814 1048 2866 ιιιι,
1058 2799 1146 2870 billa
1161 2798 1298 2866 Quomodo
1310 2819 1319 2853 ι

538 2890 608 2943 enim
624 2909 633 2941 ι
651 2889 812 2945 invocabunt
833 2889 860 2945 ia
882 2904 961 2960 quem
984 2904 1036 2944 non
1058 2889 1246 2945 erediderunt?
1263 2890 1323 2945 vait

541 2980 637 3035 boetor
660 2979 805 3037 Gentium:
822 2999 831 3032 ι
848 2989 894 3035 aut
905 2978 1039 3050 qtromodo
1052 2980 1161 3036 credent
1176 2996 1253 3051 truem
1269 2994 1322 3035 nou

538 3074 694 3130 audierunt?
703 3073 843 3143 Quomodo
856 3083 945 3129 autom
955 3073 1065 3129 audient
1075 3077 1134 3129 sinc
1148 3072 1323 3143 predicante?

538 3172 583 3218 aut
595 3163 728 3235 quornodo
738 3161 930 3235 praedicabum,
939 3163 991 3217 nisi
1003 3164 1141 3217 mittantur
1154 3161 1226 3233 illd.
1240 3178 1267 3229 x,
1279 3161 1321 3230 tt,

539 3252 603 3327 ¹5)t
618 3255 682 3310 Cum
699 3254 756 3311 bac
768 3254 856 3310 omnia
869 3265 943 3325 posta
958 3269 1019 3324 erga
1035 3269 1078 3309 me
1092 3268 1240 3320 cernerem,
1256 3270 1322 3324 quo·

539 3348 617 3404 modo
629 3363 682 3405 non
695 3347 832 3404 crederem
845 3346 918 3418 quod
933 3347 1071 3402 inclinarit
1090 3347 1216 3402 [laurinus
1228 3361 1320 3402 aurern

537 3456 611 3496 snam
626 3440 708 3495 milrit
717 3439 752 3494 Et
764 3440 804 3495 sic
814 3438 1011 3495 commendavit
1023 3439 1050 3493 in
1063 3438 1140 3494 uobis
1151 3438 1320 3494 dilectionem

538 3547 625 3609 suam,
639 3540 668 3588 ut
681 3530 801 3588 Christus
813 3545 863 3604 pro
875 3531 963 3600 impiis
975 3539 1124 3589 moreretur
1133 3530 1188 3604 (ld.
1201 3547 1227 3596 ι,
1239 3531 1266 3599 8,
1279 3530 1320 3603 a).

536 3624 603 3680 Cum
616 3624 695 3696 igitur
709 3625 765 3679 bec
780 3623 844 3679 mibi
856 3623 1044 3680 aunurniarent
1054 3624 1168 3694 speciosi
1182 3624 1264 3695 pedes
1275 3639 1321 3680 eo·

538 3732 595 3772 rnnr
610 3717 655 3788 qrri
670 3717 893 3772 annuntiaremus
912 3729 1022 3786 pacem,
1039 3716 1083 3785 qui
1098 3716 1322 3771 annuuntiaverunt

537 3808 606 3860 bona
621 3804 699 3878 (isai.
716 3821 768 3873 ιιι,
782 3806 829 3875 l),
844 3805 906 3876 quia
918 3806 999 3860 omnic
1012 3806 1056 3876 qni
1069 3805 1219 3861 inuocauerit
1231 3823 1321 3861 nomen

539 3897 657 3966 bomini,
671 3898 756 3953 salone
774 3899 820 3953 erit
844 3896 913 3967 (loel
926 3914 959 3965 ιι,
971 3896 1029 3970 32),
1043 3896 1144 3953 credidi
1156 3912 1248 3953 aurem
1263 3898 1320 3969 ejus

537 3991 689 4046 inclinatam
703 3990 778 4058 milri,
793 4000 818 4045 et
830 3992 857 4044 in
870 3990 956 4047 diebus
969 3991 1030 4046 meir
1041 3990 1164 4046 inooeool.

571 4084 599 4138 5.
614 4083 649 4139 Et
659 4083 707 4154 qui
722 4092 785 4138 sutrt
797 4082 854 4138 dies
870 4083 918 4149 tui,
931 4083 1056 4154 qrrouianr
1068 4082 1176 4149 dixisti,
1188 4081 1222 4138 in
1233 4083 1320 4138 diebus

536 4177 597 4231 areis
618 4176 797 4232 innormilan
820 4177 887 4231 lorte
909 4176 946 4230 illi
969 4175 1065 4246 ouibus
1087 4177 1160 4231 uenit
1184 4177 1320 4246 plenitudo

536 4268 676 4338 temporis,
689 4277 716 4324 et
730 4269 801 4324 misit
814 4268 884 4323 bens
899 4267 994 4323 Filium
1011 4284 1088 4323 suum
1104 4268 1202 4339 (Galat.
1215 4285 1249 4336 ιι,
1265 4269 1318 4341 l),

535 4359 579 4429 qni
592 4359 646 4430 jam
660 4359 776 4425 dixerat,
788 4358 912 4430 Yenrpore
925 4360 1072 4430 acceptabili
1084 4361 1200 4414 exaudiri
1211 4370 1243 4427 te,
1254 4372 1278 4415 et
1293 4364 1319 4416 in

534 4452 577 4505 die
587 4452 675 4507 salutis
686 4452 774 4524 odjum
789 4461 811 4505 te
830 4450 914 4521 (lsai.
931 4467 1014 4518 nuru,
1028 4453 1083 4522 illl
1097 4452 1201 4507 Audisti
1221 4469 1253 4508 ex
1271 4469 1319 4509 ore

535 4537 716 4610 praedicatoris
729 4542 860 4598 servientis
871 4541 904 4595 ad
922 4551 947 4596 te
970 4542 1080 4612 pedibus
1093 4543 1238 4611 speciosis,
1252 4543 1327 4598 Ecce

535 4648 601 4686 arnna
615 4643 712 4703 tempus
724 4632 885 4702 acceptabile,
898 4649 954 4687 cece
966 4650 1032 4687 nnnc
1043 4634 1096 4688 tliea
1106 4635 1195 4690 salrttt's
1207 4636 1216 4705 l
1226 4635 1245 4690 ll
1258 4635 1317 4690 Cor.

535 4737 577 4788 ιι,
592 4720 647 4793 bl:
663 4732 690 4777 et
703 4720 856 4788 credidisti,
873 4731 899 4777 et
915 4724 940 4776 in
953 4722 1047 4778 diebus
1060 4725 1112 4779 tuis
1127 4725 1272 4792 invocasti,
1291 4734 1319 4781 et

534 4811 640 4874 dixisti.
656 4810 809 4874 Olloorine,
824 4828 883 4866 erue
896 4813 1007 4868 onirnanr
1022 4830 1113 4870 aream.
1126 4815 1193 4870 Sunt
1210 4816 1317 4886 quidem

533 4904 583 4958 ista
598 4920 605 4956 :
620 4901 666 4958 scd
678 4901 734 4957 dics
745 4916 818 4958 meos
831 4906 924 4972 tnagis,
938 4905 1032 4976 inquit,
1044 4921 1150 4975 possum
1162 4908 1250 4963 dicero
1260 4909 1318 4964 dics

466 5020 468 5024 .
533 4992 648 5048 misniae
662 5008 739 5057 urea,
757 4993 815 5049 dies
829 4995 996 5050 mortalitatis
1010 5012 1086 5061 turea,
1102 4995 1158 5052 dies
1170 5000 1317 5053 secundum

534 5085 629 5148 Adam,
645 5084 737 5155 plenos
753 5086 850 5142 laboris
864 5096 891 5141 ct
904 5087 1024 5152 sudoris,
1037 5086 1094 5142 dics
1107 5090 1253 5144 seeundum
1269 5107 1317 5146 re·

532 5184 657 5232 rosmtem
673 5177 829 5247 putredinis.
844 5179 899 5249 Ego
912 5178 982 5234 enim
994 5178 1096 5247 iacens,
1112 5180 1205 5249 infixos
1219 5181 1316 5236 inbono

532 5268 653 5339 prolnrrdl
676 5266 762 5340 (Paul.
779 5284 880 5331 carru,
899 5269 952 5338 b),
968 5278 994 5323 ιι
1007 5269 1032 5322 in
1048 5269 1099 5323 alio
1114 5270 1214 5338 psalmo
1227 5254 1316 5325 exelu-

532 5361 620 5428 mavi,
635 5359 702 5414 Eece
714 5371 806 5416 ueteres
822 5362 929 5430 posuisti
940 5362 992 5415 dieo
1006 5378 1073 5416 oreos
1095 5352 1179 5432 (Paul.
1196 5380 1315 5433 ιιιιιιι,

533 5453 559 5522 li)
574 5470 580 5504 ε
593 5453 619 5505 ia
639 5451 681 5506 his
702 5451 787 5505 diebus
808 5453 869 5505 nreir
888 5452 1010 5505 inooeaoi.
1026 5453 1129 5508 Distanl
1143 5456 1240 5525 quippe
1258 5458 1316 5512 dies

531 5541 583 5594 rnei
598 5556 613 5594 a
626 5540 720 5595 diebus
734 5540 835 5593 bonrini
852 5541 914 5594 mei.
932 5540 991 5595 [lies
1007 5558 1079 5597 meos
1090 5543 1167 5609 dico,
1181 5561 1247 5614 qrros
1260 5548 1316 5616 ipse

533 5631 595 5682 inibi
613 5630 662 5684 leci
678 5631 778 5700 priuata
790 5630 917 5695 andacia,
931 5645 980 5700 qtra
996 5631 1099 5688 deserni
1117 5650 1176 5689 erun
1189 5654 1196 5688 :
1208 5646 1234 5690 ct
1246 5654 1314 5706 qino-

531 5720 604 5773 nisnr
625 5723 721 5792 ubique
744 5736 800 5790 ipse
822 5734 932 5790 regnat,
946 5732 974 5777 et
994 5732 1034 5777 cst
1055 5726 1222 5795 onrrripotcns
1236 5740 1315 5798 aupne

530 5812 708 5878 omnitenens,
720 5814 802 5868 merui
813 5828 963 5878 carcerem,
976 5815 1062 5879 idest,
1076 5817 1230 5886 ignorantia
1243 5830 1314 5876 teuc·

461 5931 464 5940 ·
532 5904 611 5964 liras,
624 5912 651 5957 et
664 5904 806 5972 compedes
822 5905 988 5959 mortalitatis
1002 5908 1102 5977 accepi.
1126 5906 1157 5961 ln
1174 5908 1315 5966 hisdiebus

531 5991 592 6044 urreis
605 5993 734 6056 inuocnoi‚·
747 5996 808 6064 qnia
822 6009 871 6063 ego
886 6007 912 6050 et
926 5997 987 6050 alibi
1002 5998 1104 6064 clamo,
1125 5998 1196 6053 Educ
1211 6003 1242 6056 de
1256 6021 1313 6058 cor·

529 6097 585 6136 cere
599 6081 709 6135 aruinam
723 6098 803 6138 orreum
817 6083 901 6155 (Prot.
917 6101 986 6154 curt,
999 6088 1043 6158 bl:
1058 6098 1085 6143 et
1099 6090 1222 6160 quoniam
1235 6093 1259 6147 iu
1272 6093 1314 6150 die

1134 670 1161 727 S.
1176 666 1359 727 lucustam
1374 667 1521 726 nutscttnt

1990 678 2163 739 -.ttslt

1376 784 1486 850 salutis,
1501 803 1580 856 tpuam
1596 790 1604 822 ¹
1619 789 1682 845 urilri
1697 792 2022 865 praestitit,ad1uritme;
2038 797 2119 854 intrat
2134 801 2164 855 iu

1374 885 1545 947 conspectum
1553 879 1731 952 ejrtsgemitus
1741 885 1948 955 compeditorum
1958 887 2042 960 (Psoi.
2052 904 2164 953 ιιιιιιι.

1376 966 1431 1040 ιΙ).
1448 970 1475 1023 ln
1491 969 1531 1024 bis
1545 973 1616 1026 enim
1629 974 1722 1030 diebus
1737 978 1814 1042 tucis,
1829 978 2051 1037 circundederunt
2065 1000 2105 1038 rute
2116 985 2166 1038 do·

1375 1058 1440 1114 lor-er
1455 1063 1542 1116 mortis
1549 1078 1559 1128 ;
1574 1066 1686 1134 periculo
1699 1068 1792 1139 interm
1804 1070 1951 1126 inuenerunt
1963 1089 2002 1127 nne
2012 1090 2021 1128 .·
2032 1090 2095 1145 quiae
2108 1073 2163 1130 uisi

1373 1150 1541 1209 aberrantem
1557 1156 1605 1211 abs
1619 1167 1644 1211 te
1658 1173 1711 1214 nou
1732 1160 1881 1217 invenirent
1903 1178 1955 1218 me.
1974 1163 2052 1220 Nunc
2070 1175 2163 1222 ιιιιιιιι

1374 1241 1418 1297 illa
1441 1260 1483 1299 me
1507 1245 1666 1304 invenerunt
1679 1267 1686 1304 :
1698 1265 1747 1322 ego
1765 1267 1829 1307 vero
1848 1269 1879 1309 en
1902 1270 1954 1310 non
1973 1255 2165 1324 inveniebam,

1373 1334 1417 1404 qui
1432 1335 1578 1405 gaudebam
1594 1342 1730 1412 prosperis
1740 1344 1841 1411 saeculi,
1853 1345 1879 1400 in
1889 1345 1985 1417 quibus
1996 1347 2056 1418 plus
2066 1345 2165 1405 lullum

1374 1425 1488 1493 pericula
1503 1427 1608 1483 insumi.

1409 1515 1435 1570 l.
1452 1515 1525 1588 [uas.
1537 1518 1608 1593 ab]
1623 1521 1674 1576 Sul
1689 1533 1859 1593 posteaquam
1873 1534 1900 1582 ct
1913 1541 1962 1598 ego
1973 1527 2164 1586 tribulationem

1373 1615 1397 1659 et
1416 1607 1527 1662 dolarent
1550 1610 1651 1673 inuenti,
1672 1629 1763 1669 nomen
1783 1611 1888 1672 Dounon·
1904 1617 2025 1674 irtuaeani.
2049 1619 2164 1679 Latebat

1298 1741 1300 1744 ,
1374 1697 1444 1752 enim
1458 1715 1501 1753 me
1517 1700 1651 1758 tribulatio
1672 1712 1699 1758 et
1717 1703 1792 1760 dolor
1807 1707 1894 1773 utilis;
1912 1708 2045 1766 tribulatio
2057 1709 2093 1767 de
2108 1727 2162 1785 qua

1374 1789 1419 1844 dat
1436 1791 1578 1884 auxilium,
1592 1795 1634 1850 cui
1655 1795 1755 1852 dictum
1774 1807 1833 1866 est,
1856 1797 1896 1854 Do
1910 1802 1980 1857 nobie
1990 1803 2117 1858 ancilium
2131 1807 2164 1860 de

1374 1881 1542 1950 tribulatione,
1558 1894 1581 1940 et
1596 1903 1659 1940 oona
1670 1889 1741 1943 salus
1754 1889 1862 1945 leontinis
1872 1890 1956 1964 (Ptol.
1968 1909 2024 1961 ιιι,
2037 1895 2093 1969 lo).
2104 1895 2164 1969 Ego

1374 1972 1445 2026 enim
1459 1973 1493 2029 de
1506 1991 1573 2029 ιιιιι
1587 1978 1672 2033 salute
1685 1980 1801 2035 bominis
1812 1982 1978 2052 gaudendum
1989 1986 2164 2043 etctsultan·

1374 2061 1437 2117 dum
1458 2065 1621 2133 arbitrabar,
1638 2069 1685 2124 sed
1704 2085 1764 2125 curn
1778 2072 1939 2129 audissema
1955 2076 2067 2132 bornino
2082 2093 2162 2151 meo,

1373 2152 1447 2209 Bruti
1461 2157 1589 2227 lupentes,
1607 2162 1725 2229 qnoniam
1739 2160 1789 2233 ipsi
1808 2165 2002 2220 consolabuntur
2014 2168 2123 2242 (llottlr.
2135 2187 2163 2237 ι,

1374 2244 1415 2314 5),
1431 2261 1483 2301 uon
1497 2250 1646 2317 exspectavi
1662 2261 1689 2304 ut
1700 2252 1772 2321 prius
1783 2255 1932 2311 amitterem
1947 2256 2015 2312 bona
2029 2271 2164 2330 tempora·

1374 2335 1409 2390 lia
1421 2338 1515 2407 quibus
1529 2341 1598 2395 rnale
1610 2341 1772 2410 oblectabar,
1787 2356 1814 2400 et
1833 2355 1894 2409 tune
1905 2346 2024 2419 lugerem
2035 2367 2043 2405 r
2055 2351 2104 2407 sed
2118 2365 2162 2407 at-

1375 2427 1446 2480 tendi
1462 2428 1487 2482 in
1500 2433 1620 2484 carndem
1636 2432 1718 2502 ipsam
1732 2435 1866 2490 miseriam
1882 2440 2050 2511 meam¹t1ua
2065 2442 2164 2498 talibus

1374 2519 1535 2588 oblectabar,
1550 2538 1608 2593 quau
1630 2536 1656 2579 et
1679 2529 1800 2582 arurittsrc
1821 2527 2006 2599 lornridnrem,
2021 2541 2049 2588 et
2068 2542 2163 2590 tenere

1374 2624 1427 2663 non
1445 2626 1565 2680 possem;
1581 2615 1681 2670 attendi
1702 2617 1727 2670 iu
1743 2632 1802 2672 caus
1819 2620 1992 2678 rclremcuter
2003 2632 2029 2678 et
2041 2610 2161 2691 lortitc'r,

1374 2709 1399 2755 et
1413 2717 1520 2757 menon
1535 2704 1621 2760 solnm
1636 2708 1782 2762 excruciari
1796 2709 1998 2769 adversitatibus
2010 2704 2088 2785 liujus
2103 2730 2160 2771 sn·

1373 2792 1442 2858 culi,
1459 2795 1506 2851 sed
1530 2796 1609 2851 etiarn
1632 2798 1742 2868 obligari
1765 2803 1984 2871 prosperitatibus
1995 2805 2162 2879 vidi;atque

1374 2884 1408 2938 ita
1424 2886 1608 2943 tribulationem
1624 2901 1646 2943 et
1660 2893 1773 2946 dolorem
1784 2895 1828 2965 quui
1843 2911 1885 2949 me
1907 2896 2009 2957 latebat
2017 2899 2120 2969 inueni,
2139 2912 2166 2957 rc

1374 2992 1463 3031 nornen
1475 2977 1576 3033 Darnini
1585 2982 1709 3036 'inuoeooi
1723 2981 1871 3050 ODonrine,
1881 3004 1939 3043 erne
1947 2990 2058 3047 atdrnarn
2068 3008 2163 3047 mennr.

1373 3065 1451 3122 bliser
1465 3069 1535 3123 enim
1550 3087 1599 3140 ego
1615 3072 1710 3140 bomo,
1726 3075 1785 3149 qrtis
1801 3091 1842 3131 mc
1864 3077 1988 3134 liberabit
1999 3080 2035 3135 tle
2048 3095 2165 3152 cttrprrre

1373 3162 1465 3213 nrortis
1480 3161 1567 3230 larius,
1581 3163 1630 3217 nisi
1642 3165 1724 3230 pratia
1739 3165 1783 3220 bei
1800 3183 1846 3235 per
1856 3167 1947 3223 lesum
1962 3169 2097 3227 Citristum
2110 3173 2164 3228 iltr-

1373 3250 1474 3304 minum
1489 3263 1609 3307 nostrum
1625 3254 1714 3324 (llorrr.
1727 3271 1771 3322 ιιι,
1784 3255 1829 3323 bl,
1843 3256 1907 3331 ab?
1923 3259 2087 3332 llicatipitur
2097 3279 2164 3319 san·

1373 3352 1430 3396 ctus
1445 3344 1555 3412 populns
1572 3345 1627 3411 llci,
1649 3345 1845 3402 Tribnlationent
1859 3362 1883 3404 et
1895 3351 2007 3423 dalmas
2020 3356 2125 3422 iuoetri,
2138 3364 2164 3411 et

1372 3449 1460 3487 uonna
1477 3432 1580 3489 batarini
1598 3438 1730 3493 irrooeooi:
1743 3450 1770 3494 et
1783 3442 1892 3497 audiant
1907 3444 2025 3516 reliquiae
2038 3450 2165 3517 gentium

1372 3542 1431 3597 qun
1440 3529 1555 3583 nondum
1567 3530 1689 3584 invocant
1697 3547 1793 3588 nomeu
1805 3534 1924 3602 bonrinl;
1935 3537 2044 3595 audiant
2052 3549 2164 3612 etqure·

1372 3629 1442 3687 rant,
1456 3630 1484 3675 ut
1498 3622 1633 3676 inueniant
1646 3623 1845 3681 tribulationem
1859 3637 1885 3683 et
1896 3629 2028 3699 dolorem,
2041 3641 2070 3687 et
2085 3632 2165 3689 invo-

1372 3724 1432 3766 cent
1444 3728 1539 3767 nornen
1554 3713 1669 3780 Domini,
1683 3724 1711 3770 et
1727 3716 1805 3771 saluar
1819 3717 1964 3774 barraban
1978 3719 2031 3778 boc
2040 3723 2079 3779 eis
2092 3722 2164 3780 diei·
2198 3730 2202 3738 '

1372 3818 1441 3868 rrius,
1453 3813 1481 3856 ut
1495 3815 1616 3874 qrnovant
1630 3806 1764 3862 miseriam
1778 3824 1856 3878 quam
1869 3825 1922 3866 non
1936 3811 2051 3879 babent,
2066 3816 2118 3871 scd
2134 3826 2164 3874 ut

1372 3892 1506 3948 inueniant
1525 3910 1583 3949 earn
1604 3911 1683 3967 quam
1701 3899 1850 3954 nescientes
1869 3900 1968 3956 babent
1980 3920 1987 3957 ι
2000 3919 2088 3976 ireque
2109 3906 2164 3964 boe

1371 3984 1411 4039 eis
1425 3994 1557 4055 optamus,
1572 3996 1600 4042 ut
1611 3999 1716 4043 terrena
1733 3992 1883 4047 necessaria
1895 3991 1985 4049 desint
1996 3995 2046 4060 eis,
2060 3997 2162 4068 quibos

1372 4078 1500 4149 indigent,
1510 4080 1571 4135 dutn
1585 4082 1733 4139 mortaliter
1742 4086 1849 4152 vivunt;
1861 4087 1908 4142 sed
1920 4096 1948 4142 ut
1960 4090 2009 4145 boe
2019 4086 2160 4164 plangant,

1370 4171 1440 4241 quod
1452 4175 1547 4227 amissa
1561 4175 1683 4231 satietate
1697 4176 1812 4242 coelesti,
1823 4180 1944 4244 terrenis,
1957 4196 2009 4245 nou
2021 4183 2055 4238 ad
2066 4184 2163 4242 troen-

1371 4261 1434 4315 dum
1448 4263 1586 4319 stabilibus
1600 4265 1691 4333 bonis,
1707 4267 1754 4322 sed
1766 4268 1799 4323 ad
1814 4270 2016 4335 sustentandum
2031 4289 2162 4332 ιιιιιιιι-

1370 4352 1418 4406 riis
1433 4353 1548 4423 indigere
1562 4367 1725 4412 rrrerucrunt.
1741 4361 1894 4428 Agnoscam
1911 4372 1938 4417 et
1957 4361 2067 4434 lugemt
2080 4367 2162 4425 istaut

1370 4443 1520 4508 miseriarum
1535 4445 1613 4501 lacict
1635 4461 1681 4501 eos
1706 4448 1798 4504 beatos
1822 4448 1941 4521 lugerrtcs
1953 4453 2021 4523 „qui
2034 4470 2083 4513 eos
2097 4473 2164 4518 esso

1370 4548 1475 4604 serupor
1489 4537 1601 4590 miseros
1614 4538 1706 4591 induit.
1787 4583 1836 4600 x

1406 4627 1432 4681 5.
1449 4626 1592 4682 lliserieora
1603 4628 1736 4696 Dominus,
1752 4642 1775 4685 et
1785 4632 1880 4702 justos,
1895 4644 1917 4688 et
1932 4634 2000 4691 Dent
2010 4649 2098 4694 notter
2109 4643 2160 4697 trti-

1370 4730 1475 4773 reretur.
1489 4719 1647 4784 Misericors,
1664 4732 1690 4774 ct
1700 4721 1797 4791 justus,
1809 4735 1835 4778 ct
1845 4725 1995 4782 miseretur.
2011 4728 2163 4791 llisericorr

1371 4809 1494 4876 primum,
1510 4811 1571 4878 qnia
1585 4809 1720 4875 inelinavit
1732 4828 1824 4868 aurern
1834 4829 1909 4870 stram
1920 4816 1998 4884 tnibi;
2014 4827 2042 4874 et
2053 4825 2163 4880 nescie-

1370 4900 1429 4953 bam
1447 4899 1638 4968 propinquasse
1650 4915 1741 4956 aurem
1762 4903 1809 4959 boi
1825 4905 1876 4960 rttei
1889 4908 1928 4961 ori
1945 4922 2024 4976 meo,
2040 4911 2093 4967 uisi
2110 4927 2161 4982 per

1371 4989 1430 5043 illos
1449 4989 1583 5058 speciosos
1606 4992 1686 5060 pedus
1708 4995 1849 5062 excitarer,
1863 5006 1891 5052 ut
1911 4999 2063 5057 invocarem
2076 5020 2084 5056 ι
2097 5006 2161 5076 quis

1369 5081 1440 5133 eninr
1460 5095 1520 5135 eum
1545 5081 1691 5147 imucarit,
1708 5084 1758 5138 nisi
1773 5101 1851 5156 quem
1872 5087 1930 5157 ipsc
1944 5089 2016 5159 prior
2030 5096 2160 5150 vocavit?

1370 5170 1437 5227 ilinc
1451 5187 1514 5243 ergo
1529 5174 1640 5243 primurn
1656 5176 1803 5230 misericors.
1815 5176 1903 5232 luetur
1914 5190 2016 5245 arulum,
2030 5184 2094 5253 quia
2106 5184 2159 5239 da·

1369 5264 1462 5332 gellam
1475 5274 1499 5317 et
1511 5266 1606 5320 iterum
1620 5266 1755 5333 annueretur,
1765 5269 1826 5337 quia
1840 5270 1932 5339 recipit
1943 5290 1949 5324 :
1959 5271 2072 5343 flagellat
2084 5277 2157 5333 eninr

1369 5370 1476 5408 omnum
1491 5355 1571 5409 lilirnn
1584 5373 1662 5426 ornent
1677 5358 1787 5428 recipit,
1801 5375 1850 5415 nec
1874 5369 1926 5415 tarn
1948 5364 2011 5418 milti
2032 5380 2159 5426 amarum

1370 5444 1448 5498 dubet
1460 5461 1519 5501 csse
1539 5449 1607 5516 rpurrd
1628 5447 1760 5518 llagollnt,
1774 5466 1852 5520 qtram
1868 5451 1943 5508 dulce
1955 5456 2025 5523 quod
2046 5460 2156 5531 recipit.

1371 5535 1508 5601 Quomodo
1527 5536 1596 5590 cuim
1616 5553 1669 5590 uon
1693 5539 1806 5610 flagellet
1825 5541 1846 5606 ³,
1865 5541 2011 5600 costodiens
2036 5552 2157 5620 paruulos

1372 5626 1504 5690 llonrinur,
1515 5643 1580 5697 qnos
1590 5631 1704 5698 grarrdcs
1714 5633 1807 5700 querit
1820 5633 1956 5690 ltaercdesl
1966 5639 2024 5708 quis
2033 5642 2106 5697 cuim
2115 5657 2157 5700 est
2223 5645 2226 5650 ’

1371 5719 1438 5771 tilius
1447 5721 1487 5771 oni
1496 5735 1547 5772 rrnn
1556 5720 1597 5772 dot
1608 5719 1771 5790 disciplinam
1781 5735 1854 5793 pater
1864 5726 1919 5796 ejus
1928 5727 2018 5801 (liebr.
2029 5733 2157 5807 xn,b,i)‘l

1368 5856 1517 5967 udrinduot
1527 5863 1596 5916 tiss,
1610 5871 1678 5919 prtem
1695 5867 1742 5909 :et
1753 5856 1818 5920 loco,
1840 5861 1946 5924 adiurit,
1958 5862 2042 5926 [dures
2052 5867 2155 5930 babent,

1405 5934 1409 5951 ¹
1420 5935 1426 5966 l
1436 5933 1455 5966 'il
1468 5957 1473 5966 .

1401 5982 1410 6010 ²
1423 5983 1458 6028 sie
1468 5990 1514 6029 am.
1529 5986 1564 6027 nr.
1579 5988 1604 6028 et
1615 5980 1698 6042 plnres
1708 5989 1760 6033 ttss.
1775 5991 1876 6042 uttan..
1889 5985 1992 6035 onbnaur
2004 6000 2090 6038 meana.

1398 6042 1414 6151 ἶ)
1422 6044 1459 6152 spel
1469 6041 1581 6091 rudiores
1591 6049 1643 6091 ltss
1660 6050 1730 6093 atur.
1741 6053 1767 6095 et
1777 6053 1840 6095 tom:
1854 6048 1972 6108 Quonmdo
1982 6048 2047 6100 ertt'rrv
2058 6063 2102 6103 troc
2112 6050 2157 6115 tlu-

1368 6115 1397 6167 qe
1415 6118 1429 6152 n
1447 6141 1452 6152 .
