5400 7059
539 693 609 752 lats

536 804 666 861 Dracones
676 811 791 860 etamncr
806 776 900 871 abyssi.
915 799 1023 870 abyssi,
1037 796 1231 871 profunditates
1247 811 1330 868 aqua·

534 912 596 953 natm
610 905 673 952 sunt
688 913 694 949 :
709 895 791 950 maria
806 891 906 957 aurula,
923 891 1060 947 nubilosus
1074 889 1124 946 iste
1137 904 1183 944 aer
1195 888 1229 943 ad
1244 889 1327 959 abys-

534 1004 595 1045 snm
610 988 734 1060 pertinet.
749 985 798 1043 Ubi
814 984 917 1051 nubes,
931 984 975 1040 ubi
989 983 1073 1050 venti,
1086 981 1131 1037 ubi
1143 988 1327 1052 tempestates,

534 1078 581 1135 ubi
596 1078 705 1150 pluviae,
720 1076 940 1142 coruscationes,
957 1073 1084 1140 tonitrua,
1099 1071 1255 1144 grandines,
1270 1071 1326 1133 nin,

534 1181 564 1227 ot
584 1169 710 1243 quidquid
725 1169 780 1224 vult
805 1169 875 1224 Deus
893 1166 951 1223 beri
973 1181 1053 1236 super
1067 1174 1153 1221 terras
1166 1165 1200 1221 de
1215 1167 1266 1219 isto
1280 1164 1329 1219 ltu-

536 1260 611 1319 rnidn
633 1269 660 1317 et
679 1259 826 1332 caliginoso
847 1274 929 1326 aere,
954 1267 1040 1313 ιοιιιιιι
1054 1257 1105 1313 boc
1121 1266 1199 1312 terrac
1219 1256 1328 1311 nuntiae

534 1353 696 1426 appellavit,
710 1354 771 1424 prtia
787 1352 866 1407 niunis
883 1352 891 1384 ¹
908 1352 1035 1407 mutabile
1048 1360 1089 1405 est
1101 1359 1181 1422 atquae
1194 1350 1326 1405 mortale:

533 1441 587 1503 nisi
600 1444 668 1502 lorte
679 1445 778 1516 putatis
792 1445 853 1515 quia
866 1458 972 1500 sursum
984 1443 1050 1513 pluit
1060 1441 1154 1496 stellis.
1170 1439 1264 1495 Omnia
1277 1441 1326 1494 ista

534 1537 579 1593 bic
591 1535 657 1592 bunt
672 1551 753 1607 prope
767 1535 801 1591 ad
815 1544 923 1591 terram.
952 1535 985 1590 Et
998 1533 1141 1604 aliquando
1161 1541 1223 1588 sunt
1238 1532 1326 1587 bortri-

535 1643 584 1684 ncs
595 1627 622 1683 in
634 1626 818 1683 cacuminibus
830 1626 971 1692 montium,
981 1635 1007 1681 et
1020 1625 1105 1681 nubes
1118 1625 1166 1681 sub
1178 1639 1208 1680 se
1223 1624 1325 1686 vident,

533 1728 563 1776 ct
573 1720 640 1777 bunt
652 1720 809 1791 plerumque
824 1720 921 1792 pluricc
936 1736 943 1773 z
958 1728 986 1775 et
996 1719 1203 1790 apparentbenc
1218 1719 1328 1779 intentis

533 1812 624 1868 omnia
649 1813 716 1878 ista,
740 1828 800 1882 quas
817 1811 973 1882 perturbato
994 1826 1056 1866 aere
1077 1813 1261 1874 concitantur,
1284 1809 1327 1863 bic

534 1903 593 1961 lteri
605 1904 633 1959 iu
645 1903 695 1959 ista
707 1903 798 1958 mundi
811 1912 887 1973 parte
902 1901 1002 1957 inbma.
1015 1902 1159 1973 Propterea
1172 1899 1205 1956 ad
1219 1901 1267 1956 ista
1281 1915 1327 1954 ca·

533 1995 657 2067 lissinosa,
670 1995 697 2051 id
711 1994 794 2051 estad
809 1995 986 2061 buncaercm,
999 2003 1123 2064 tanqnnm
1137 1991 1170 2048 ad
1179 2006 1325 2058 carcerem,

533 2088 675 2144 damnatus
690 2095 731 2143 est
745 2086 867 2142 diabolus
879 2129 886 2151 ‚
900 2086 934 2141 de
954 2093 1081 2157 apparatu
1095 2087 1261 2156 superiorum
1276 2085 1328 2137 Aa·

533 2178 655 2250 pelorum
678 2179 768 2248 lapsus
785 2192 846 2235 cum
871 2175 974 2247 angelis
995 2177 1051 2232 suis
1070 2194 1076 2230 :
1094 2191 1155 2230 nam
1182 2173 1326 2245 Apostolus

532 2271 585 2325 boc
598 2269 632 2325 dc
644 2270 690 2326 ille
700 2269 785 2336 dreit,
800 2268 947 2324 Secmtdunt
960 2267 1100 2338 principem
1114 2265 1245 2337 potestatis
1259 2264 1325 2318 aeris

533 2362 630 2435 bajas,
648 2362 691 2432 qni
710 2377 777 2415 nuuc
790 2369 909 2432 operatur
927 2360 954 2413 in
972 2359 1033 2428 filiis
1047 2357 1195 2428 diffidentiae
1214 2355 1323 2427 (Epiros.

531 2468 570 2521 ιι,
584 2451 625 2524 2).
640 2453 674 2506 Et
689 2452 756 2506 alius
773 2450 910 2520 apostulus
924 2449 1007 2517 dicit,
1023 2448 1054 2503 Si
1067 2449 1133 2503 euim
1148 2447 1215 2502 Deus
1228 2447 1325 2517 aupebs

532 2545 692 2615 parantibus
704 2559 754 2597 nan
768 2543 888 2612 pepercit,
897 2540 941 2595 sed
949 2540 1090 2594 carceribus
1100 2539 1216 2610 calipinis
1230 2539 1326 2609 turcana·

525 2635 674 2701 retrudens,
685 2634 789 2689 tradidit
797 2633 931 2703 injudicio
940 2631 1081 2704 puniendas
1095 2632 1190 2686 sanari
1205 2629 1237 2702 (tl
1251 2628 1322 2684 Patr.

530 2744 560 2793 rt,
573 2726 602 2798 l)
618 2746 625 2782 ε
642 2726 776 2781 internum
791 2727 841 2780 lum
853 2725 1011 2797 appellans,
1036 2723 1107 2794 quod
1129 2722 1240 2779 inierior
1260 2737 1323 2793 pars

530 2819 623 2875 meandi
635 2822 679 2875 sil.
702 2817 762 2874 Noli
775 2817 846 2873 cuim
860 2819 978 2888 cogitare
991 2816 1054 2888 quid
1071 2816 1174 2888 aceepit
1191 2815 1322 2881 diabulus,
1341 2853 1345 2859 -

529 2912 578 2971 sed
589 2911 652 2983 auid
665 2909 790 2982 perdidit.
806 2908 899 2965 Omnia
910 2925 974 2980 engo
988 2909 1037 2964 ista
1049 2907 1238 2979 videtisqunlia
1250 2915 1322 2974 stunt,

529 3002 686 3068 mutabilia,
708 3002 830 3068 turbata,
847 3000 993 3066 terribilia,
1011 2999 1194 3070 corruptibilia
1211 3017 1217 3051 :
1233 3008 1322 3052 tamen

529 3095 629 3153 babent
640 3095 728 3150 locum
742 3108 836 3158 suum,
853 3092 954 3148 habent
968 3092 1091 3148 ordinem
1105 3107 1194 3157 suino,
1210 3092 1323 3160 implent

529 3196 558 3244 ιι
578 3186 635 3259 ipsa
655 3187 771 3242 universi
796 3184 1021 3256 pulchritudinem
1043 3200 1092 3256 pro
1112 3184 1192 3240 modo
1207 3199 1275 3251 scio,
1296 3194 1324 3238 ct

528 3278 590 3336 ioca
604 3278 713 3334 laudant
726 3277 878 3332 Dominum.
902 3276 1055 3332 Conversus
1066 3291 1131 3347 crgo
1145 3275 1178 3330 ad
1190 3276 1245 3341 illa,
1261 3283 1322 3329 taru-

513 3412 515 3417 .
528 3385 609 3442 apvtam
621 3369 767 3425 exliortans
778 3368 869 3439 etipsa
880 3385 888 3435 ;
904 3368 957 3423 imo
965 3367 1110 3423 esliortons
1118 3381 1177 3433 uos,
1189 3374 1219 3422 ut
1229 3381 1322 3420 eorum

528 3460 743 3518 consideratione
754 3459 895 3514 laudemus
908 3458 1050 3513 Dominum
1065 3457 1115 3532 (sic
1125 3457 1196 3514 enim
1213 3457 1322 3512 laudant

527 3552 631 3617 Ιιιιιιιι,
644 3566 705 3608 cunr
725 3549 892 3605 corrsiderata
909 3549 1015 3620 pariunt
1030 3549 1136 3604 laudem
1150 3548 1225 3617 Dei),
1241 3547 1323 3618 coepit

528 3643 633 3709 dicere,
652 3641 766 3696 Laccdate
778 3640 917 3695 Dominum
928 3641 960 3694 dc
973 3649 1051 3708 terra,
1065 3641 1187 3695 dracones
1201 3648 1225 3695 et
1237 3656 1323 3694 araneo

529 3733 625 3805 ulyssi.
645 3733 782 3787 Dracones
794 3732 865 3786 circa
880 3746 976 3801 aquam
990 3739 1151 3798 versantur,
1164 3729 1198 3785 dc
1212 3731 1323 3801 spelun-

528 3829 569 3882 cis
588 3825 755 3897 procedunt,
772 3823 895 3878 leniuntur
909 3823 935 3877 in
952 3837 1016 3879 aera
1029 3839 1036 3888 ;
1050 3822 1199 3878 concitatur
1214 3831 1323 3891 propter

528 3933 576 3975 nos
589 3932 635 3974 aer
651 3935 657 3972 :
672 3931 768 3987 magna
788 3914 909 3985 quadam
935 3923 997 3969 suut
1016 3913 1159 3967 animantia
1178 3911 1321 3979 dracones,

447 4045 449 4050 .
529 4009 630 4081 annium
642 4023 695 4063 non
710 4018 771 4062 snm
784 4021 864 4079 super
880 4016 988 4062 terrum.
1003 4006 1148 4077 Propterea
1161 4005 1224 4060 inde
1238 4005 1323 4076 caepit

529 4103 636 4167 nlicere,
664 4100 792 4155 Dracones
812 4111 835 4154 et
848 4116 934 4155 omues
948 4100 1042 4170 abyssi.
1066 4100 1135 4155 Suut
1154 4108 1244 4154 autem
1259 4112 1322 4168 spe-

485 4197 487 4202 '
529 4196 615 4250 laruae
637 4209 768 4259 nouarum
790 4192 950 4256 latentium,
972 4191 1160 4257 nrudeioutes,
1186 4192 1256 4247 unde
1270 4191 1320 4246 iln-

529 4286 600 4341 riuiua
616 4284 786 4356 procedunt3
805 4292 831 4338 et
849 4284 901 4338 alia
914 4282 1079 4353 procedunt,
1106 4291 1133 4337 ut
1146 4281 1323 4352 Duarutsupec

529 4390 638 4444 temam,
653 4378 816 4433 aliaocculte
826 4376 917 4432 subter
928 4384 992 4431 erint
1007 4392 1013 4427 z
1028 4382 1153 4429 ettotam
1168 4372 1231 4442 hoc,
1243 4381 1323 4444 atque

530 4472 619 4525 omnis
631 4469 682 4523 ista
696 4468 803 4523 bumida
815 4477 909 4522 natura
922 4482 1071 4536 spirarum,
1087 4466 1168 4521 simul
1183 4479 1244 4521 cum
1256 4464 1323 4521 mari

530 4572 558 4617 ct
572 4562 625 4618 isto
636 4561 728 4616 infimo
742 4575 815 4627 aere,
831 4559 945 4631 abyssus
959 4559 1000 4613 vel
1015 4558 1105 4631 abyssi
1120 4567 1261 4625 vocantur,
1278 4556 1323 4612 ubi

529 4656 623 4711 vivunt
635 4654 765 4710 dracones
784 4663 811 4709 et
832 4653 942 4709 laudant
964 4653 1057 4708 Deum.
1085 4651 1174 4720 Quid?
1197 4661 1323 4723 putamus

529 4748 592 4819 apuia
606 4746 703 4803 eboros
713 4746 814 4802 iaciunt
824 4747 974 4813 dracones,
993 4756 1020 4802 ct
1033 4745 1144 4801 laudaut
1153 4745 1254 4802 Deum?
1269 4744 1325 4799 llb-

531 4839 577 4893 sil.
592 4835 646 4893 Sed
660 4851 707 4891 vos
723 4836 925 4892 considerantes
938 4836 1089 4904 dracones,
1115 4835 1246 4893 attendite
1257 4834 1324 4890 arti·

531 4929 608 4983 licem
627 4926 784 4991 draconum,
800 4936 949 4982 creatorem
965 4927 1129 4993 draconum
1145 4936 1173 4983 ιι
1192 4943 1253 4984 eum
1275 4928 1325 4983 mi·

522 5020 628 5097 ‘ramini
649 5019 795 5085 dracones,
820 5028 848 5074 et
866 5018 972 5081 dicitis,
993 5020 1102 5090 Magnus
1120 5021 1192 5076 Deus
1205 5020 1250 5090 apd
1267 5023 1325 5077 bace

530 5102 614 5176 furcis,
639 5111 769 5166 dracones
791 5110 903 5166 laudaut
923 5112 1005 5167 Deum
1026 5111 1060 5168 dc
1079 5112 1190 5169 vocibus
1205 5115 1323 5170 vestris:

531 5203 661 5287 Dracpncs
673 5213 696 5256 et
709 5220 793 5258 orriues
806 5203 898 5275 rrbpssi.

567 5294 612 5351 ltl.
633 5290 717 5367 [verr.
732 5294 759 5350 8.
773 5294 876 5368 Manis,
894 5295 1002 5368 prataria,
1024 5299 1078 5363 uia,
1097 5297 1199 5367 piacies,
1223 5300 1326 5369 spiritus

531 5388 694 5460 tempestatis,
708 5403 764 5456 aare
780 5389 877 5460 saciatur
891 5389 992 5444 uerbum
1004 5396 1070 5460 ejas.
1085 5391 1174 5459 Quare
1188 5391 1233 5446 bic
1247 5391 1323 5448 addi·

531 5480 581 5544 clit,
598 5495 656 5549 aaa
672 5480 767 5550 [acirim
781 5479 881 5533 aericum
895 5481 949 5551 ajars
960 5482 973 5536 ι
983 5481 1058 5536 llulti
1075 5482 1149 5538 stulti
1163 5478 1216 5539 uon
1233 5485 1325 5540 valeu-

531 5580 572 5627 tes
586 5571 759 5640 consumpturi
775 5580 801 5626 et
811 5571 964 5628 discerncre
977 5582 1126 5629 creaturam
1145 5575 1212 5631 locis
1226 5575 1282 5632 suis
1300 5585 1328 5632 et

519 5665 625 5744 furdiuc
635 5656 694 5724 stro.
705 5667 773 5720 subt
794 5675 831 5721 ,ιιι
843 5677 869 5722 ιι
876 5667 950 5737 jussu
965 5670 1009 5724 Dei
1020 5681 1142 5741 agentem
1154 5682 1240 5728 motus
1251 5688 1327 5738 suos,

530 5756 617 5811 risum
634 5757 737 5811 estultis
749 5764 810 5827 quita
824 5759 962 5828 superior-a
984 5761 1072 5814 arnaria
1094 5761 1163 5816 Decus
1184 5763 1323 5832 gubernat,

468 5882 471 5887 ·
531 5846 1325 5925 luicrioraverodespicit,abjicit,desccit,tutricceuretista,

532 5937 1328 6018 nccguberuet,nccrcga13sedcasibusrcganlur,aprrouindo

565 6093 620 6143 ¹sle
630 6095 801 6165 ascutula,
813 6095 870 6159 arria
885 6096 911 6148 in
925 6096 988 6151 imis.
1002 6099 1074 6151 lardo
1086 6108 1138 6164 post
1150 6109 1204 6154 ltss.
1217 6062 1329 6168 pler-lupun

535 6154 814 6219 amenumuitsuraam
823 6159 911 6212 stellas.

1152 686 1181 743 s.
1201 682 1385 765 anensium
1405 683 1556 741 nntscoor

2112 692 2189 749 {Dii

1385 806 1507 868 possunt,
1524 812 1575 870 qua
1589 807 1723 870 possunt:
1743 809 1770 858 ιι
1794 811 1901 859 mouent
1922 803 2050 876 illosque
2064 806 2072 838 ¹
2088 806 2191 862 ιιῑιιιιιι

1385 889 1526 962 aliquando
1536 891 1586 947 sibi
1595 891 1654 963 (sed
1668 908 1720 947 uon
1733 893 1821 950 dicant
1831 896 1887 962 tibi,
1898 896 1986 965 idest,
2001 914 2034 954 ue
2046 898 2189 955 audiendo

1385 984 1653 1056 consentiasrpuando
1675 985 1725 1041 ista
1740 985 1829 1042 dicunt
1840 1005 1848 1052 ;
1861 988 2018 1062 blasphema
2029 991 2101 1047 enim
2120 1000 2188 1048 sarrit

1385 1083 1413 1130 ct
1423 1076 1597 1134 exsecrabilia
1613 1078 1695 1149 Deo),
1711 1078 1740 1134 Si
1754 1079 1823 1135 Deus
1834 1081 1948 1151 plueret,
1965 1083 2095 1154 numquid
2108 1085 2192 1154 plue·

1384 1175 1426 1221 ret
1440 1167 1466 1222 iu
1488 1169 1584 1224 mare?
1595 1168 1697 1237 Qualis,
1713 1171 1844 1241 inquiunt,
1869 1174 2053 1241 providentia?
2074 1175 2188 1232 Getulis

1385 1258 1451 1325 sitit,
1460 1269 1487 1315 et
1496 1263 1747 1332 marecontpluitur.
1761 1264 1845 1318 ticine
1857 1264 1907 1319 sibi
1917 1265 2040 1322 videntur
2051 1275 2187 1323 tractare:

1385 1349 1480 1419 auibus
1494 1349 1634 1406 dicendum
1656 1362 1697 1408 est
1717 1352 1777 1418 boe,
1797 1352 1902 1409 Getulis
1921 1354 1965 1411 vel
1978 1355 2053 1422 sitit;
2068 1364 2109 1423 tn,
2129 1372 2187 1413 nee

1384 1440 1444 1496 sitis
1454 1443 1475 1495 ¹.
1487 1442 1589 1497 Donum
1602 1443 1673 1498 cuim
1688 1453 1747 1500 erat
1760 1452 1789 1498 ut
1803 1444 1907 1502 diceres
1921 1446 1977 1501 Deo
1992 1464 1999 1500 ι
2012 1447 2108 1502 Arsinna
2121 1465 2185 1502 mea

1384 1531 1451 1586 reiut
1464 1540 1531 1587 terra
1544 1532 1598 1587 siue
1611 1550 1677 1604 aqua
1695 1534 1739 1588 tibi
1759 1532 1854 1603 (Parti.
1866 1550 1946 1600 cxttr,
1962 1536 2007 1610 6).
2024 1536 2101 1606 Quod
2124 1537 2186 1594 alio

1383 1623 1444 1679 loco
1457 1623 1667 1693 apertcdicitur:
1681 1625 1765 1680 Sitiuit
1780 1625 1917 1679 libianirua
1926 1642 1991 1695 ntea,
2008 1642 2083 1697 aanor
2092 1629 2189 1682 mniti-

1385 1715 1482 1785 plieitcr·
1494 1717 1537 1769 tibi
1551 1726 1572 1769 et
1583 1732 1642 1770 curo
1656 1734 1711 1771 nica
1723 1717 1732 1789 (
1745 1716 1818 1771 Psai.
1835 1732 1897 1783 nxrr,
1906 1717 1925 1771 ι
1934 1719 1954 1788 ).
1966 1718 2000 1773 Ει
2010 1719 2141 1774 Dominus
2158 1719 2187 1775 in

1385 1806 1529 1878 Evangelio
1543 1826 1549 1860 z
1565 1807 1636 1862 Beati
1646 1809 1690 1878 quai
1703 1811 1817 1864 esuriunt
1829 1810 1953 1865 etsiliceat
1962 1811 2101 1882 justitiam,
2116 1829 2187 1883 quo·

1383 1899 1452 1953 aiant
1472 1900 1521 1969 ipsi
1538 1900 1718 1954 saturabantur
1737 1899 1844 1974 (liattlr.
1858 1917 1886 1965 v,
1903 1899 1942 1973 6).
1964 1900 2015 1958 iste
2031 1903 2103 1959 enim
2125 1904 2188 1974 jam

1383 1998 1516 2046 saturatus
1537 2000 1598 2057 est,
1621 1991 1665 2063 qvti
1686 1991 1745 2046 talia
1761 1992 1894 2062 disputat;
1918 1993 1993 2064 quasi
2014 1994 2064 2050 sibi
2086 1993 2189 2051 doctus

1383 2081 1497 2147 videtur,
1514 2097 1563 2138 nec
1576 2083 1633 2138 vub
1644 2083 1757 2151 discere,
1772 2084 1833 2140 idco
1844 2099 1896 2163 nan
1915 2086 1980 2141 sitit.
2004 2085 2072 2142 Nam
2084 2087 2107 2143 si
2120 2088 2187 2144 siti-

1383 2186 1433 2241 ret,
1449 2178 1529 2232 uellet
1542 2177 1665 2244 discere;
1679 2185 1707 2234 el
1718 2179 1849 2234 inveniret
1861 2179 1923 2250 quia
1939 2188 2022 2235 totum
2043 2181 2092 2236 Dei
2115 2197 2187 2252 pro·

1384 2260 1500 2324 videntia
1524 2268 1554 2323 bt
1571 2270 1596 2324 in
1616 2278 1705 2335 terra;
1730 2279 1757 2326 et
1780 2270 1923 2327 miraretur
1945 2271 2074 2343 disposita
2098 2273 2187 2330 etiam

1384 2360 1504 2416 membra
1517 2360 1622 2430 pulicis.
1635 2361 1761 2418 attendat
1773 2362 1897 2420 Charitas
1915 2373 2014 2422 restra.
2035 2364 2101 2433 eris
2122 2366 2186 2422 dis-

1382 2453 1471 2522 posuit
1489 2450 1611 2508 membra
1625 2451 1718 2522 pulicis
1730 2461 1758 2509 et
1769 2453 1872 2522 culicis,
1886 2462 1915 2510 ut
1927 2454 2042 2511 babeant
2057 2455 2186 2512 ordinum

1382 2554 1477 2611 sunm,
1492 2542 1608 2600 habeant
1626 2542 1708 2598 vitam
1723 2558 1817 2611 suam,
1831 2542 1946 2600 babeant
1959 2554 2060 2599 motum
2079 2547 2187 2600 sirium?

1382 2632 1468 2690 Dnam
1489 2633 1629 2691 bestiolam
1653 2634 1773 2701 brevem,
1795 2633 2000 2692 minutissimam
2026 2636 2184 2703 considera,

1364 2728 1461 2796 ‘amm
1482 2725 1609 2782 volueris.
1632 2724 1661 2782 Si
1682 2725 1837 2783 consideres
1851 2726 1973 2783 ordinem
1997 2728 2186 2784 membrorum

1381 2816 1482 2886 ipsius,
1496 2826 1523 2873 ιι
1537 2817 1727 2875 animationem
1744 2817 1804 2873 rite
1819 2833 1870 2890 aua
1886 2827 2023 2887 movetur;
2043 2827 2075 2875 ιιι
2088 2834 2143 2891 pro
2154 2835 2187 2878 se

1381 2908 1568 2981 ingitmortem
1582 2909 1631 2983 (a),
1642 2919 1713 2966 amat
1729 2910 1821 2981 vitam,
1837 2912 1938 2985 appetit
1952 2912 2115 2985 voluptates,
2132 2914 2185 2972 de·

1380 3004 1445 3060 vitat
1457 3004 1604 3071 molestias,
1617 3004 1716 3061 exserit
1730 3019 1825 3061 sensus
1833 3004 1965 3071 diversos,
1978 3005 2051 3079 viget
2063 3005 2090 3062 in
2102 3017 2186 3064 motu

1380 3109 1498 3167 congruo
1506 3094 1556 3151 sibi
1568 3097 1575 3152 ι
1591 3095 1656 3163 Quis
1665 3096 1739 3152 dedit
1751 3096 1873 3154 aculeum
1884 3096 1973 3165 culici,
1996 3112 2051 3170 quo
2064 3099 2182 3170 sanwi-

1380 3202 1441 3244 nem
1456 3188 1550 3258 sugat?
1563 3188 1647 3257 Quam
1662 3187 1845 3245 lenuislistula
1856 3196 1899 3245 est
1911 3203 1963 3260 qua
1979 3186 2073 3254 scebet
2091 3191 2098 3245 ι
2115 3190 2184 3259 Qutis

1380 3277 1511 3349 disposuit
1525 3278 1575 3334 ista
1586 3280 1598 3332 l
1609 3280 1669 3351 quvis
1687 3279 1750 3336 iecit
1768 3279 1839 3336 ista?
1858 3279 2018 3351 Expavescis
2046 3282 2074 3337 in
2097 3282 2183 3339 mini·

1380 3371 1431 3427 mis
1443 3388 1450 3437 ;
1461 3372 1537 3428 lauda
1558 3387 1694 3444 magnum.
1709 3371 1765 3428 llae
1778 3373 1866 3443 itaque
1881 3381 1980 3440 tenete,
1995 3371 2094 3430 iratres
2104 3376 2181 3441 mei;

1380 3477 1460 3518 nemo
1485 3476 1533 3517 vos
1557 3461 1592 3519 de
1616 3462 1668 3518 sude
1683 3463 1812 3532 excutiat,
1839 3471 1867 3519 et
1885 3462 1919 3519 de
1937 3477 2002 3520 sana
2021 3463 2146 3522 doctrina
2159 3465 2181 3519 ⁸.

1379 3551 1431 3619 Qui
1452 3551 1516 3609 iecit
1539 3554 1566 3608 iu
1584 3554 1654 3609 coelo
1679 3553 1812 3624 angelum,
1827 3553 1884 3623 ipse
1901 3552 1964 3610 iecit
1982 3554 2009 3609 in
2027 3563 2098 3611 terra
2119 3572 2182 3612 rcr-

1379 3644 1506 3701 mieulnm
1522 3644 1591 3701 :sed
1605 3645 1729 3717 angelum
1751 3645 1778 3700 in
1793 3644 1861 3701 eaelo
1874 3659 1923 3715 pro
1939 3644 2104 3703 habitatione
2122 3662 2182 3705 ιιι·

1379 3734 1452 3802 lesti,
1466 3735 1640 3791 vermiculum
1663 3736 1689 3791 in
1705 3746 1775 3792 terra
1794 3751 1843 3807 pro
1856 3717 2019 3794 habitatione
2044 3740 2181 3796 terrestri.

1379 3827 1510 3899 Numquid
1524 3829 1647 3898 angelum
1661 3828 1723 3885 iecit
1736 3844 1830 3898 repere
1849 3829 1877 3884 in
1891 3844 1980 3898 caeno,
1992 3838 2021 3886 et
2040 3832 2177 3887 vermicu·

1379 3919 1475 3976 lumin
1496 3919 1584 3975 cralo?
1599 3918 1737 3975 Distribuit
1754 3918 1862 3975 sedibus
1880 3919 2063 3986 liabitatores3
2086 3921 2180 3977 incor-

1379 4009 1532 4081 ruptionem
1560 4008 1722 4080 incarroptis
1749 4009 1856 4066 sedibus
1881 4010 1963 4079 dedit,
1990 4013 2178 4082 corruptibilia

1379 4100 1595 4172 corruptibilibus
1619 4098 1694 4156 locis.
1714 4101 1809 4157 Totum
1833 4101 1951 4169 attende,
1982 4110 2068 4158 tatum
2085 4103 2177 4160 lauda.

1379 4191 1429 4259 Qui
1442 4207 1506 4262 erpo
1520 4192 1649 4263 disposuit
1664 4192 1782 4249 membra
1797 4193 1947 4263 vermiculi,
1967 4209 2021 4250 nun
2044 4196 2180 4267 gubernat

1380 4283 1486 4341 nubes?
1506 4284 1539 4338 Et
1559 4297 1640 4354 quinne
1659 4284 1685 4338 in
1701 4298 1775 4339 macc
1797 4285 1882 4356 pluit?
1899 4285 1978 4354 Quasi
1998 4302 2053 4342 non
2073 4288 2131 4343 siut
2153 4289 2181 4344 in

1380 4377 1457 4441 mari,
1474 4392 1533 4448 qun
1552 4377 1658 4432 alantur
1671 4377 1778 4448 pluvia;
1794 4377 1870 4447 quasi
1881 4393 1937 4434 oon
1952 4378 1988 4434 ibi
1999 4377 2063 4435 iecit
2077 4380 2181 4450 pisces,

1380 4567 1444 4614 runt
1455 4559 1542 4630 pisces
1554 4557 1587 4612 ad
1600 4573 1695 4629 uariam
1716 4555 1831 4613 dulcem.
1846 4557 1879 4613 Et
1892 4572 1984 4629 quare,
1999 4557 2095 4630 inquit,
2111 4561 2181 4631 pisci

1380 4651 1458 4723 pluit,
1473 4660 1500 4708 et
1513 4651 1578 4706 mibi
1591 4651 1733 4723 aliquando
1754 4665 1808 4706 aton
1827 4650 1912 4721 pluitl
1927 4649 1961 4708 Ut
1979 4651 2080 4723 cogites
2102 4659 2131 4707 ιι
2153 4653 2181 4708 in

1379 4743 1488 4816 regione
1509 4756 1569 4799 esse
1591 4741 1700 4809 deserti,
1721 4749 1748 4795 ct
1767 4744 1793 4795 in
1811 4741 2026 4812 peregrinatione
2042 4741 2129 4808 vitm
2153 4751 2183 4799 ιι

1380 4840 1528 4888 amarescat
1549 4831 1596 4889 tibi
1612 4830 1666 4886 vita
1682 4844 1811 4901 praesens,
1834 4839 1863 4885 ut
1885 4830 2001 4886 laturam
2018 4830 2181 4898 desideres;

1379 4933 1426 4979 aut
1444 4933 1473 4979 ut
1484 4921 1639 4994 flagelleris,
1662 4929 1689 4978 ιι
1705 4922 1870 4992 corripiaris,
1885 4931 1912 4977 et
1933 4920 2085 4992 corrigaris.
2103 4921 2182 4991 Quo-

1378 5012 1460 5070 modo
1472 5023 1561 5070 autem
1574 5013 1708 5069 distribuit
1719 5013 1827 5085 propria
1840 5014 1997 5086 regionam?
2009 5013 2093 5077 Ecce,
2115 5015 2182 5087 quiin

1381 5106 1414 5164 dc
1428 5107 1533 5164 Getulis
1548 5107 1628 5162 locuti
1641 5120 1744 5170 surmus,
1757 5106 1823 5176 pluit
1836 5106 1879 5161 bic
1888 5120 1971 5177 prope
1996 5106 2069 5162 omni
2092 5122 2181 5175 anno,

1381 5208 1408 5255 ct
1422 5199 1494 5256 omni
1504 5212 1575 5253 armo
1586 5196 1803 5254 deliramentum
1818 5215 1826 5252 c
1841 5197 1942 5253 servari
1954 5196 1998 5253 lua
2010 5197 2184 5257 irnmcntutn

1381 5305 1435 5347 non
1447 5298 1544 5362 potest,
1555 5289 1609 5345 cito
1620 5289 1818 5360 corrumpitur;
1833 5289 1895 5361 qtria
1909 5290 1981 5346 omni
1995 5304 2069 5346 anuo
2079 5290 2181 5349 datur:

1382 5381 1430 5446 ibi,
1441 5381 1502 5452 quia
1516 5393 1589 5447 raro,
1599 5389 1626 5434 ct
1640 5379 1752 5435 multant
1767 5378 1854 5446 datin,
1872 5388 1898 5434 et
1914 5378 1958 5435 diu
1973 5389 2112 5438 servatur.
2128 5382 2187 5439 Scd

1381 5473 1450 5528 lorte
1463 5481 1539 5543 putas
1558 5470 1618 5540 auia
1631 5471 1667 5525 ibi
1679 5470 1778 5527 deserit
1789 5470 1858 5527 Deus
1868 5469 2000 5540 immines,
2013 5482 2060 5526 aut
2070 5488 2130 5529 uon
2149 5475 2187 5532 ibi

1382 5561 1528 5619 secundum
1540 5562 1733 5634 jucunditatem
1744 5577 1818 5617 suam
1831 5571 1858 5619 et
1867 5561 1974 5617 laudaut
1985 5569 2013 5618 et
2023 5562 2188 5634 glorilicant

1383 5655 1485 5711 Decimi
1501 5653 1679 5726 Appnebende
1698 5653 1759 5711 inde
1775 5652 1910 5721 Gclulum,
1931 5668 2000 5724 poue
2021 5653 2094 5710 iuter
2119 5656 2191 5714 istas

1382 5745 1492 5801 arbaces
1503 5758 1642 5811 amoeuas;
1657 5741 1823 5816 lugere'biuc
1841 5743 1906 5810 vult,
1924 5751 1952 5799 et
1966 5742 2056 5800 redire
2075 5746 2114 5801 acl
2135 5764 2191 5805 nu·

1415 5859 1423 5889 ¹
1434 5863 1472 5906 fn.
1483 5855 1557 5920 bugd.
1571 5865 1631 5905 ven.
1641 5864 1668 5907 ct
1677 5863 1742 5916 tom,
1754 5855 1804 5920 acti
1854 5865 1882 5906 ιι.

1414 5920 1425 5951 ²
1437 5920 1474 5989 sic
1484 5925 1538 5990 ltss.
1547 5926 1573 5968 ιι
1582 5927 1630 5967 arn.
1640 5924 1724 5989 cler,
1735 5916 1827 5969 Getalr'a
1838 5917 1896 5979 sitit,
1906 5925 1931 5969 at
1941 5923 1968 5969 ta
1977 5931 2006 5970 ne
2014 5919 2109 5973 sitires.
2117 5929 2191 5987 Lon..

1382 5979 1476 6030 catedra
1486 5980 1545 6040 stlit,
1557 5991 1587 6030 rte
1596 5986 1622 6029 tu
1631 5986 1720 6031 salites.

1397 6042 1551 6153 ²{llicrciquc
1562 6049 1627 6102 atss,
1644 6054 1713 6093 recino
1724 6041 1787 6093 cobis
1798 6042 1829 6093 de
1842 6041 1893 6106 lide
1911 6044 2018 6095 raccant
2034 6059 2127 6099 emmau
2146 6051 2192 6101 clo-

1384 6118 1396 6153 c
1408 6117 1494 6154 ratmot.

1417 6167 1454 6230 (a)
1465 6171 1534 6217 t··arte
1542 6165 1726 6231 sielcnendam,
1737 6179 1785 6230 atta
1792 6174 1898 6221 ιιιιυιιιιι
1906 6181 1950 6237 per
1957 6181 1993 6230 re,
2000 6165 2198 6233 [reclinaretur.
