5400 7059
454 920 557 969 teneat
571 910 663 972 lleutu,
680 908 702 964 si
716 923 745 964 se
757 906 895 963 subducat.
905 906 950 961 i'au
964 906 999 961 illi
1013 907 1034 960 si
1046 921 1075 962 se
1087 883 1249 961 subtraxerit

454 1004 547 1069 licus3
561 1001 624 1072 quia
639 999 695 1069 ipsc
708 999 797 1053 malit:
812 1013 873 1051 natu
896 998 965 1052 tteru
978 998 1004 1050 io
1020 1011 1049 1051 se
1070 1011 1176 1066 semper
1190 1011 1247 1049 roa-

452 1103 512 1149 rret.
529 1091 559 1147 lu
571 1091 666 1162 quibus
680 1104 730 1144 uos
743 1089 909 1154 lrulrimmus,
924 1089 979 1159 ipsa
992 1103 1041 1142 uos
1053 1088 1206 1149 continetur
1222 1088 1247 1141 iu

452 1184 554 1255 qttilrus
566 1183 638 1236 licus
657 1179 774 1243 halritat,
796 1179 853 1248 ipse
874 1179 932 1233 illos
946 1176 1074 1233 continet.
1089 1177 1148 1232 latu
1162 1177 1249 1233 videte

451 1284 586 1345 quantum
597 1272 706 1326 interest
717 1270 786 1324 iuter
798 1277 914 1323 nastrum
929 1268 1129 1336 habitationem,
1142 1278 1169 1324 et
1182 1269 1227 1323 liei
1239 1287 1246 1323 ε

451 1373 481 1419 et
495 1364 535 1419 sic
549 1362 620 1417 dicat
631 1361 719 1416 anima
730 1402 737 1423 ,
749 1360 789 1413 dd
799 1368 822 1413 te
836 1360 914 1412 leuari
925 1360 1011 1414 oculor
1026 1376 1103 1425 oreos,
1117 1361 1160 1429 qui
1175 1359 1247 1412 dadi-

450 1464 495 1510 ιιι
508 1454 536 1509 in
547 1454 627 1517 coelo,·
642 1461 671 1507 ιιι
685 1452 812 1522 intelligat
824 1451 884 1521 quia
900 1452 969 1505 Deus
987 1466 1036 1505 oce
1048 1449 1117 1506 ceeia
1132 1449 1246 1521 indiget,

450 1544 499 1599 ulai
513 1544 631 1608 ltabitct;
647 1542 694 1599 sed
707 1543 806 1598 eoelum
819 1543 876 1611 ipso
891 1543 1000 1612 indiget,
1016 1553 1044 1597 ut
1055 1543 1089 1598 alt
1100 1543 1158 1612 ipso
1171 1542 1247 1597 iulra-

451 1637 563 1693 ltiletur.

490 1729 518 1783 5.
534 1726 611 1801 [auo.
624 1725 695 1799 Η]
706 1725 776 1794 Quid
791 1740 855 1795 erqo
867 1726 995 1796 sequitur,
1009 1725 1068 1794 quia
1081 1724 1157 1791 (linit,
1172 1725 1212 1778 dd
1224 1735 1247 1779 te

451 1818 536 1873 letum
550 1815 637 1872 oasim
652 1832 730 1882 meae,
745 1817 788 1885 qai
800 1815 897 1869 deditas
916 1817 944 1869 in
962 1815 1044 1868 carlo?
1055 1815 1194 1884 Quomodo
1209 1810 1248 1869 less

453 1912 523 1967 sasai
536 1911 630 1966 acutas
644 1909 722 1965 loos?
738 1907 802 1965 Ecce
813 1908 878 1963 sicut
895 1908 962 1962 acatii
975 1923 1102 1962 tuterunt
1120 1909 1146 1961 iu
1160 1924 1248 1961 uranus

453 2004 617 2059 doartinorrrnt
631 2019 743 2065 moratur,
758 2012 782 2057 et
795 2004 859 2056 sieut
872 2003 938 2056 oculi
949 2002 1049 2057 aucidoe
1063 2003 1090 2056 in
1099 2018 1188 2056 atauus
1202 2002 1248 2056 do·

453 2096 534 2150 urina
545 2110 617 2160 ruoe,·
627 2095 664 2148 ric
673 2094 739 2149 oculi
750 2094 871 2148 austriali
881 2092 1019 2148 Demittunt
1029 2091 1111 2149 licum
1123 2103 1245 2159 nostrum,

453 2190 620 2260 meaque
633 2189 781 2243 misereatur
793 2187 880 2242 nostri.
895 2188 928 2242 Et
939 2187 1008 2242 serui
1028 2200 1136 2253 sumas,
1157 2195 1184 2241 ct
1197 2201 1247 2240 au-

453 2279 518 2335 eilla
531 2293 623 2335 tumus
636 2296 643 2334 :
659 2278 703 2335 illc
716 2288 744 2334 et
758 2278 882 2334 dominus
891 2285 941 2338 cst.
953 2286 981 2333 et
993 2276 1100 2331 domina
1111 2285 1162 2332 est.
1174 2278 1226 2332 dat
1237 2276 1246 2309 ¹

453 2367 520 2439 quid
539 2368 590 2425 silai
601 2369 695 2423 volunt
712 2368 761 2424 ista
781 2367 882 2423 rerlral
898 2376 926 2421 et
945 2366 1007 2436 quid
1021 2365 1071 2421 silui
1085 2366 1173 2420 uoluat
1189 2365 1248 2421 istae

454 2458 642 2514 tiutllitudines
663 2459 774 2515 remoti
797 2457 924 2513 Attendat
943 2457 1104 2528 aliquantum
1127 2455 1247 2513 Citaritas

438 2537 559 2609 'reram
574 2550 631 2607 llou
645 2552 741 2606 miram
756 2550 778 2607 si
797 2551 867 2606 servi
887 2566 997 2617 sumus,
1012 2556 1039 2605 et
1060 2550 1105 2605 ille
1125 2548 1248 2604 domiuus

454 2650 515 2709 eet;
531 2642 579 2699 sed
593 2643 689 2699 mirum
702 2643 724 2699 si
738 2643 834 2698 ancilla
854 2657 963 2709 sumus,
979 2649 1006 2698 et
1020 2643 1064 2698 ille
1075 2640 1182 2697 domina
1195 2648 1246 2696 est.

454 2732 509 2791 Sed
521 2750 610 2807 oeque
623 2735 674 2791 lroc
687 2736 783 2790 oricum
805 2737 864 2807 quia
882 2736 976 2791 anciila
996 2750 1106 2800 sumas;
1127 2734 1246 2790 Ecclesia

456 2826 528 2881 ettint
544 2839 656 2881 eumue:
672 2840 721 2881 occ
739 2825 803 2881 illud
818 2826 931 2893 mirum,
954 2826 1014 2896 quia
1026 2836 1053 2880 et
1072 2825 1129 2896 ipse
1140 2825 1247 2881 domiue

456 2924 513 2984 αις
526 2916 613 2971 rictus
624 2916 695 2972 euim
710 2924 789 2971 estet
801 2916 929 2985 sapientia
944 2915 1001 2971 Dei.
1013 2915 1081 2969 dudi
1096 2929 1160 2986 ergo
1174 2917 1247 2984 dpa-

456 3006 554 3063 rtolnot
569 3005 702 3063 dicentem
714 3025 721 3061 ε
739 3024 748 3058 a
763 3005 816 3062 llos
827 3016 914 3060 autem
927 3006 1101 3078 praedicamus
1113 3003 1247 3061 Christum

457 3094 632 3163 occiduum
646 3096 744 3151 ludaeis
758 3095 864 3166 qtridcm
878 3095 1047 3160 scandalum,
1060 3093 1190 3151 Gentibus
1202 3110 1249 3149 uu·

458 3194 508 3245 leat
529 3188 688 3255 stultitiam
702 3187 767 3257 ipsis
779 3203 842 3243 uere
855 3188 954 3242 voeatis
970 3186 1069 3242 ludaris
1090 3195 1117 3241 et
1129 3186 1246 3251 Grecis,

456 3274 593 3334 Christum
608 3278 655 3333 ttet
666 3279 806 3344 uirtutem,
821 3288 848 3333 ct
862 3278 907 3332 lici
920 3277 1098 3347 sapientiam»
1116 3278 1137 3349 (1
1152 3276 1209 3332 Car.
1228 3293 1246 3340 t,

452 3366 487 3425 ἦ
499 3379 527 3425 et
543 3368 604 3439 tt).
625 3367 659 3425 ttr
670 3369 724 3438 iam
743 3370 778 3424 sit
795 3385 889 3424 serras
910 3370 1038 3440 populus,
1059 3378 1085 3424 et
1098 3370 1132 3424 sit
1153 3369 1248 3424 ancilla

451 3457 598 3525 Ecclesium
614 3460 741 3515 Cluuium
754 3458 802 3514 Dei
823 3461 957 3526 uirtutem,
977 3470 1000 3515 et
1013 3460 1060 3515 Dei
1078 3461 1248 3529 sapientiam:

442 3559 601 3621 utrumque
612 3550 725 3617 audisti,
739 3548 868 3605 chortam
884 3549 932 3604 oet
950 3552 1083 3617 urentem,
1097 3560 1120 3605 et
1139 3550 1188 3605 Dari
1204 3568 1247 3606 aa·

441 3642 591 3711 pintan.
604 3640 670 3698 (loto
685 3658 749 3713 ergo
758 3643 834 3698 audis
845 3642 994 3707 Christum,
1008 3644 1065 3699 lesa
1078 3646 1170 3700 octtlos
1189 3654 1249 3698 tutas

433 3732 477 3790 in
493 3746 597 3789 manus
610 3733 713 3788 liomioi
727 3734 782 3800 tui;
800 3750 861 3789 curu
874 3735 950 3790 audis
966 3736 1009 3790 liei
1025 3736 1149 3791 uirtutem
1163 3746 1189 3790 ct
1204 3736 1248 3790 liri

431 3824 632 3897 apientiam.
645 3825 701 3880 leta
714 3824 806 3880 oculos
819 3835 877 3880 tuos
898 3827 923 3879 iu
945 3841 1038 3881 uturuts
1051 3826 1165 3881 dominat
1178 3835 1247 3881 tutu:

430 3917 519 3989 quia
535 3926 564 3973 ct
578 3930 671 3972 serras
683 3924 709 3972 ιι
722 3917 817 3973 ancilla
829 3933 873 3984 cs;
889 3933 992 3985 servus,
1004 3920 1063 3989 quia
1078 3920 1189 3989 papulus
1202 3936 1247 3987 os;

424 4010 574 4073 aneilla,
597 4010 656 4080 quia
677 4009 794 4066 Ecclesia
816 4024 856 4065 es.
879 4011 937 4080 ipsu
959 4020 1048 4066 autem
1074 4013 1168 4066 ancilla
1195 4028 1251 4065 trra-

420 4114 538 4169 gttam
551 4099 705 4171 dignitatem
721 4099 821 4155 invonit
839 4101 907 4170 apud
923 4100 1022 4155 Deum:
1037 4115 1104 4155 tator
1118 4100 1186 4154 lacta
1198 4111 1248 4154 est,

414 4186 511 4247 aea
526 4188 615 4245 donec
631 4191 719 4244 reoiut
737 4188 771 4245 ad
791 4190 929 4259 ampiexus
942 4191 1001 4244 illos
1022 4190 1189 4259 spirituales,
1207 4191 1249 4244 uui

417 4294 555 4339 secum
573 4279 726 4352 perfruatur
740 4296 773 4337 eo
787 4297 866 4351 quem
880 4281 989 4345 dilexit,
1008 4291 1034 4338 et
1048 4282 1089 4337 cui
1110 4282 1252 4351 suspiravit

420 4368 486 4427 ἧι
501 4373 553 4428 ista
565 4372 688 4427 diutttroa
702 4373 924 4442 peregrinatione,
933 4388 1029 4444 spousa
1041 4384 1082 4429 est
1095 4391 1101 4426 :
1114 4383 1139 4428 ιι
1150 4375 1252 4443 accepit

417 4463 570 4518 amdam
587 4477 718 4533 numnam,
734 4463 888 4534 sauguinem
903 4464 1011 4534 spousi,
1031 4463 1078 4518 cui
1092 4479 1184 4519 secura
1207 4479 1252 4519 su-

424 4554 556 4625 spirat.
568 4552 624 4609 Nec
638 4552 676 4609 illi
688 4553 802 4621 dieitur,
822 4554 879 4610 Noli
893 4569 998 4611 amare:
1013 4555 1146 4625 quomodo
1157 4555 1191 4609 dit
1201 4555 1252 4611 itur

425 4643 607 4715 aliquando
618 4645 710 4715 sirqitti
718 4647 773 4714 jam
787 4645 964 4716 desponsam,
977 4656 1004 4702 et
1015 4648 1132 4702 noudum
1145 4657 1232 4716 uupte
1244 4666 1251 4702 :

438 4744 489 4790 ει
505 4734 581 4805 justo
593 4734 699 4801 dicitur,
714 4734 772 4790 Noli
784 4750 889 4803 aurare;
910 4751 970 4792 cum
989 4738 1054 4793 laeta
1078 4739 1158 4794 luteris
1175 4754 1252 4805 uxor,

438 4828 525 4882 *uec
535 4840 597 4881 ama
609 4842 616 4880 :
627 4835 699 4882 recte
708 4825 814 4892 dicitur,
826 4826 887 4898 quio
902 4842 1097 4899 pruprapcrruu
1112 4839 1139 4885 et
1150 4845 1254 4900 prepe-

447 4925 566 4974 tleram
587 4916 747 4973 desiderium
767 4927 819 4985 est,
832 4928 859 4974 et
880 4934 932 4973 uon
952 4929 1064 4983 castam,
1084 4936 1175 4976 narrare
1192 4936 1253 4976 euru

450 5008 504 5063 eat
515 5007 603 5063 noscit
614 5022 648 5062 ao
662 5009 751 5064 uuest.
765 5009 857 5064 Potest
866 5010 936 5064 cuitu
948 5010 1004 5065 licrl
1016 5020 1044 5065 ut
1056 5012 1123 5067 alius
1133 5024 1252 5083 sponset,

458 5106 491 5153 et
500 5097 572 5153 alius
585 5096 664 5153 ducat
676 5113 796 5154 uxorem.
815 5099 882 5167 Quia
895 5115 959 5155 rere
973 5102 1063 5157 oullus
1075 5103 1143 5157 alius
1156 5103 1253 5173 estqui

459 5182 571 5241 Glaristo
590 5196 771 5257 preponatur,
786 5204 878 5245 secura
898 5199 970 5245 amet
989 5191 1056 5245 ista:
1073 5201 1100 5247 et
1113 5201 1253 5263 autequam

461 5272 499 5331 'nli
513 5275 658 5346 iungatur,
680 5289 762 5344 outet,
782 5288 809 5335 et
826 5281 859 5335 de
878 5281 1021 5352 longinquo
1038 5284 1154 5353 suspiret
1174 5293 1201 5339 ct
1222 5284 1255 5340 dc

466 5362 609 5436 longinqua
622 5369 845 5438 peregrinatione.
863 5370 943 5427 Solus
957 5371 1046 5439 ducet,
1060 5374 1120 5442 quia
1131 5374 1204 5429 sulus
1216 5384 1256 5429 ta·

466 5454 516 5512 luto
532 5456 641 5511 arrham
662 5458 745 5514 dedit.
769 5459 834 5528 Qaris
850 5462 921 5516 cuitu
943 5470 1029 5532 potest
1048 5462 1087 5518 sic
1104 5464 1211 5526 ducere,
1227 5472 1257 5519 ut

468 5548 598 5602 moriatur
609 5562 697 5618 proca
713 5566 791 5620 quam
807 5551 863 5606 rult
873 5552 987 5607 ducere?
999 5552 1026 5608 Si
1041 5554 1111 5608 euim
1125 5555 1191 5608 mori
1208 5570 1256 5622 pre

436 5636 441 5645 '
466 5638 629 5704 tauoluerit,
640 5654 693 5694 trau
707 5642 758 5695 crit
771 5642 815 5712 qui
824 5642 911 5697 ducat.
923 5642 1039 5699 Securus
1049 5652 1137 5699 arrteut
1151 5646 1195 5700 ille
1208 5660 1257 5715 pre

466 5744 563 5798 sponsa
579 5740 699 5786 mortuus
715 5742 772 5796 est,
787 5749 866 5804 quam
883 5750 1024 5806 resurgens
1040 5746 1099 5792 erat
1117 5737 1255 5793 ducturus.

467 5818 673 5889 Verumtamen,
692 5823 799 5891 iratres,
821 5827 925 5881 iuterim
941 5829 1024 5883 simus
1041 5829 1173 5897 quourado
1187 5831 1257 5883 serti

467 5922 490 5966 et
504 5913 612 5967 ancilla.
629 5913 733 5969 Dictum
750 5925 791 5971 est
803 5916 909 5988 quidetu
930 5917 991 5972 Nou
1005 5935 1047 5974 ros
1061 5921 1144 5973 dicunt
1163 5936 1254 5985 serres,

466 6002 509 6055 red
521 6003 633 6068 amicos,
648 6003 744 6074 (dean.
758 6022 803 6074 nv,
818 6008 868 6077 15)
884 6025 890 6061 :
905 6008 951 6063 sed
967 6009 1034 6065 lottc
1046 6010 1110 6064 solis
1122 6010 1258 6079 discipulis

465 6091 532 6148 uiuit
547 6092 695 6149 liominusi
707 6096 804 6153 Audite
815 6099 963 6168 apostolum
977 6098 1086 6154 Paulum
1100 6099 1233 6156 dicentem
1250 6119 1257 6156 ι

497 6210 633 6268 *tomas
683 6215 711 6258 u.

1000 786 1199 848 sutouttto
1212 788 1245 845 ΙΝ
1269 786 1429 846 tsattttttt
1443 784 1547 846 ctttttt.

2027 793 2096 849 idid

1305 900 1396 973 ltaque
1408 904 1471 971 ianr,
1486 904 1578 973 inquit,
1596 918 1646 957 nan
1661 913 1696 959 ert
1709 916 1805 973 ternus,
1822 906 1965 975 scriptino:
1976 907 1998 961 rr'
2010 922 2094 963 autern

1302 993 1381 1062 filius,
1396 1005 1421 1048 et
1436 995 1514 1049 doeres
1528 1011 1572 1062 per
1588 993 1666 1047 Deera
1680 994 1784 1064 (Galat.
1800 1011 1836 1060 ιιι,
1853 997 1892 1066 i).
1910 996 2009 1067 Popula
2022 998 2092 1054 dice·

1302 1084 1357 1151 ltat,
1374 1083 1495 1139 fidelihus
1509 1085 1623 1139 dieeltut.
1636 1085 1693 1140 latu
1704 1101 1767 1156 ergo
1779 1087 1805 1141 iu
1817 1089 1923 1144 nomiae
1935 1090 2036 1144 ltomiui
2051 1106 2093 1147 rc·

1301 1173 1401 1244 dempti
1412 1177 1541 1246 sanguiue
1552 1176 1645 1244 ipsius,
1657 1176 1703 1230 luti
1712 1178 1817 1232 lavacro
1828 1179 1920 1248 ipsius,
1931 1178 1975 1233 lilii
1989 1195 2092 1246 sunaus,

1301 1264 1372 1322 illius
1393 1282 1501 1333 suorus3
1525 1269 1585 1337 quia
1605 1270 1643 1323 sic
1661 1269 1735 1322 rrtttlti
1750 1284 1859 1334 suiuus,
1877 1280 1905 1324 ut
1921 1271 1947 1325 iu
1965 1272 2009 1326 illo
2024 1287 2093 1328 ttuus

1301 1360 1394 1416 simus.
1407 1361 1475 1430 Quid
1488 1362 1609 1432 ergarsilri
1621 1362 1686 1428 salt,
1696 1362 1767 1433 quod
1782 1362 1868 1418 adlruc
1884 1373 2007 1434 tauquam
2021 1366 2092 1420 servi

1302 1450 1452 1521 loquimur?
1466 1451 1597 1523 Nerrtquid
1618 1461 1718 1506 tutatum
1741 1453 1865 1508 meritum
1885 1453 1985 1510 lrrtberc
1999 1471 2092 1524 possa·

1301 1556 1361 1596 tous
1380 1542 1406 1596 itt
1430 1543 1560 1610 Ecclesia,
1584 1544 1774 1613 quamvisjam
1799 1546 1843 1599 lilii
1864 1544 1924 1601 laeti
1942 1561 1974 1601 ex
1997 1551 2091 1613 serris,

1300 1645 1427 1704 quautam
1442 1636 1532 1690 lralruit
1543 1636 1599 1705 ipse
1610 1638 1745 1706 apostolus
1756 1637 1873 1693 ortatus?
1888 1640 1920 1694 Et
1931 1650 2018 1695 tameo
2028 1641 2091 1712 quid

1300 1724 1363 1779 dicit
1376 1726 1402 1778 iu
1416 1726 1548 1794 Epistola?
1565 1726 1663 1779 Paulus
1675 1742 1760 1781 seruus
1772 1727 1866 1782 Curiati
1877 1727 1939 1783 Jertt
1954 1730 2048 1801 (licut
2064 1746 2091 1795 t,

1301 1816 1338 1887 l).
1360 1814 1389 1870 st
1404 1817 1448 1870 ille
1466 1831 1495 1870 sc
1519 1816 1606 1870 adlruc
1627 1816 1690 1871 dieit
1712 1833 1827 1884 servum,
1850 1834 1993 1889 perquem
2017 1821 2092 1876 rrolris

1301 1906 1471 1978 Evangelium
1486 1908 1656 1977 praedicatum
1670 1917 1724 1975 est;
1738 1920 1837 1980 quanto
1852 1911 1936 1982 magis
1949 1926 1998 1966 uos
2011 1911 2092 1968 detro-

1300 2015 1360 2053 mus
1370 2014 1515 2071 aquiescere
1529 2001 1709 2056 conditionem
1729 2010 1862 2067 nostram,
1878 2012 1906 2058 ut
1921 2004 2006 2073 major
2015 2006 2050 2060 sit
2065 2005 2091 2059 iu

1300 2092 1376 2145 uobis
1389 2092 1474 2163 gratia
1486 2092 1589 2162 ipsius?
1602 2093 1692 2149 Primo
1702 2093 1772 2149 euim
1784 2108 1876 2150 scaros
1888 2095 1960 2162 lecit,
1973 2112 2040 2168 quos
2054 2113 2092 2153 re·

1299 2182 1392 2238 deurit.
1408 2184 1520 2254 Sanguis
1533 2186 1603 2239 coitu
1620 2186 1666 2241 ille
1683 2202 1731 2256 pro
1745 2189 1829 2242 seruis
1844 2190 1955 2256 pretium
1969 2197 2026 2256 est,
2043 2203 2093 2258 pro

1299 2287 1396 2343 sponsa
1417 2274 1511 2344 piguus
1528 2284 1579 2329 est.
1599 2277 1780 2345 Agnosceotes
1801 2277 1890 2347 itaque
1911 2276 2091 2333 conditionem

1300 2373 1429 2430 uestram,
1443 2365 1494 2420 etsi
1505 2368 1559 2435 jam
1572 2366 1616 2420 lilii
1629 2381 1677 2436 per
1690 2368 1819 2437 qratiam,
1837 2368 1907 2423 serui
1925 2377 2012 2424 tuoeu
2031 2383 2093 2439 pro-

1300 2463 1360 2524 pter
1378 2464 1538 2519 creaturam,
1561 2458 1622 2527 quia
1643 2459 1766 2514 uuirersa
1789 2466 1911 2514 creatura
1933 2459 1987 2516 lieo
1999 2461 2098 2527 seruit,

1299 2546 1433 2604 dicamus:
1444 2568 1454 2599 ι
1466 2550 1541 2605 Sicut
1551 2552 1622 2606 oculi
1633 2566 1771 2606 serrorum
1782 2553 1808 2607 io
1820 2568 1912 2607 manus
1924 2552 2092 2608 dominorum

1299 2652 1419 2707 suorum,
1433 2649 1460 2695 et
1472 2641 1540 2696 sicut
1554 2642 1622 2696 ocrdi
1636 2643 1738 2697 aucillar
1749 2647 1776 2697 io
1788 2658 1882 2699 munus
1891 2643 2006 2698 dominor
2018 2660 2091 2699 suae:

1300 2728 1339 2784 eie
1351 2730 1420 2784 oculi
1436 2731 1519 2785 uestri
1539 2731 1572 2785 ad
1592 2732 1730 2786 liomiuuau
1743 2734 1825 2787 licum
1840 2742 1972 2799 oestrum,
1991 2732 2093 2804 quoad-

1300 2836 1384 2891 usque
1395 2824 1555 2879 misereatur
1568 2825 1661 2878 nostri.
1676 2842 1686 2876 r

1336 2916 1363 2967 6.
1379 2915 1449 2968 Dixit
1457 2924 1482 2970 et
1492 2930 1585 2985 quara,
1596 2917 1662 2970 sieut
1673 2914 1741 2970 serui
1751 2916 1843 2971 octrlos
1851 2915 1948 2971 lrulreot
1957 2916 1984 2970 iu
1998 2932 2093 2972 manus

1300 3003 1399 3058 domiui
1408 3005 1460 3070 sui,
1472 3006 1574 3060 ctsicut
1585 3006 1687 3060 ancillae
1697 3005 1787 3060 ocules
1796 3005 1893 3059 liniunt
1902 3006 1927 3060 iu
1939 3021 2031 3060 roanos
2041 3005 2092 3060 do·

1300 3096 1379 3150 mium
1389 3112 1444 3151 suar
1457 3114 1464 3160 ;
1479 3098 1525 3160 aie,
1535 3097 1629 3167 iuquit,
1644 3098 1710 3151 ocrdi
1722 3099 1800 3151 nostri
1814 3097 1848 3150 ad
1859 3096 1994 3152 [tanarum
2010 3097 2093 3153 Deum

1300 3195 1421 3240 nostrum.
1442 3188 1557 3258 Elquasi
1568 3204 1713 3258 quaereres,
1730 3189 1845 3258 l'tquidi
1860 3189 2038 3260 Quoadaaque,
2055 3191 2096 3245 iu«

1300 3277 1367 3347 quit,
1376 3278 1720 3348 arriserrataruostri.Quales
1730 3295 1792 3350 ergo
1804 3282 1884 3334 soluit
1893 3296 1985 3335 sttruos
1995 3281 2093 3337 iutelli-

1299 3367 1336 3438 εἰ,
1346 3366 1746 3439 iratres,quioeuloslralreutio
1756 3371 2093 3427 orntursdomiuorumsuo-

1300 3473 1377 3524 rum3
1394 3469 1421 3514 et
1433 3461 1526 3530 quales
1537 3461 1656 3525 ancillas,
1674 3476 1733 3531 quar
1743 3463 1834 3516 oeulos
1847 3461 1945 3517 habeut
1959 3462 1985 3517 iu
2000 3478 2099 3517 manus·

1301 3551 1415 3606 domium
1428 3566 1493 3619 stru,
1506 3554 1679 3623 quoadusque
1692 3555 1849 3608 miscreatur
1862 3553 1968 3608 domina
1983 3554 2095 3608 earum?

1300 3642 1351 3711 Qui
1367 3652 1428 3698 strat
1443 3645 1484 3698 isti
1501 3645 1569 3699 servi
1580 3654 1607 3699 ct
1618 3645 1731 3708 aueillae,
1746 3645 1790 3714 qui
1805 3645 1843 3699 sie
1855 3646 1952 3701 lrulrcut
1965 3645 2056 3701 oeulos
2068 3647 2095 3701 io

1301 3750 1395 3790 tuauus
1414 3735 1584 3791 dotuiuoruru
1607 3750 1725 3801 suorum,
1748 3736 1798 3790 uisi
1811 3737 1856 3806 qui
1871 3737 1996 3806 julreutur
2009 3736 2095 3792 caedi?

1303 3824 1379 3879 Oculi
1393 3827 1472 3880 trortrr'
1491 3826 1526 3879 ad
1539 3825 1675 3880 Dorrtinunr
1689 3825 1769 3880 Deuut
1792 3837 1916 3891 nostrum,
1935 3828 2098 3898 quoadusque

1302 3917 1447 3970 misereatur
1470 3917 1560 3970 rrortrr‘.
1579 3916 1736 3985 Quomodo?
1761 3916 1834 3971 Sicut
1851 3916 1918 3971 oculi
1929 3934 2055 3972 seruorum
2069 3918 2096 3970 iu

1303 4023 1392 4060 uranus
1404 4008 1561 4060 dourrinoram
1569 4024 1683 4073 auorum,
1700 4019 1723 4061 et
1736 4009 1799 4061 cierat
1813 4010 1882 4063 oculi
1892 4010 1992 4064 attolite
2003 4011 2030 4064 iu
2040 4026 2101 4062 roa··

1303 4112 1350 4148 rrae
1364 4095 1472 4148 dantium
1484 4110 1546 4148 rrroe.
1571 4096 1640 4164 Ergo
1656 4105 1683 4150 et
1697 4096 1733 4150 illi
1748 4104 1775 4150 ct
1786 4097 1847 4161 illae,
1860 4098 2030 4168 quoadusque
2044 4099 2095 4153 mi·

1303 4194 1422 4239 serentur
1440 4186 1481 4239 rel
1496 4183 1620 4239 dontinus
1641 4185 1683 4239 rel
1698 4184 1815 4239 duruiaa.
1831 4186 1884 4240 Fac
1900 4202 1964 4257 erqo
1980 4188 2094 4258 aliquem

1303 4275 1439 4329 domiuum
1449 4274 1560 4345 jussisse
1572 4288 1678 4330 serrum
1692 4275 1758 4329 cretli
1773 4292 1779 4327 :
1795 4275 1901 4345 vapulat
1913 4291 2016 4343 servus,
2031 4293 2095 4333 seo-

1305 4368 1336 4421 tit
1353 4368 1487 4436 plagarum
1507 4366 1631 4428 dolorcs;
1647 4365 1759 4420 atteudit
1771 4366 1803 4421 ud
1820 4380 1914 4420 ruarrus
1928 4366 2027 4422 dourioi
2042 4369 2095 4433 sui,

1304 4459 1475 4527 quoadusque
1488 4457 1568 4521 dicat,
1584 4458 1674 4511 l‘urcc·
1689 4457 1794 4510 dlaoom
1812 4458 1896 4524 ortior,
1910 4459 1993 4527 ipsaiu
2018 4470 2095 4529 pote·

1305 4555 1399 4601 stateru
1421 4547 1494 4600 dicit.
1509 4547 1579 4617 Ergo
1592 4546 1655 4616 quid
1674 4546 1797 4610 diciotus,
1816 4545 1931 4601 iratres?
1951 4546 2034 4602 lussit
2046 4564 2098 4604 uos

1304 4638 1370 4693 caedi
1388 4639 1514 4693 lietuinus
1525 4647 1625 4703 uester,
1641 4647 1669 4693 et
1682 4637 1787 4692 dauriua
1802 4647 1892 4693 oastm
1907 4639 2035 4708 supientia
2049 4638 2100 4696 liei

1303 4730 1381 4800 jussit
1394 4744 1443 4785 uos
1457 4730 1539 4795 caedi;
1554 4740 1581 4785 et
1591 4731 1616 4785 iu
1629 4730 1679 4784 ltac
1692 4729 1745 4785 sita
1759 4730 1925 4800 vapulaturus,
1939 4742 1967 4787 et
1980 4740 2033 4786 tota
2047 4732 2101 4787 ista

1306 4821 1359 4875 vita
1374 4820 1494 4874 orortulis
1516 4821 1592 4891 plaga
1616 4829 1706 4874 nostra
1722 4827 1772 4874 est.
1795 4820 1863 4875 dudi
1878 4836 1969 4875 vocem
1983 4822 2100 4891 penituit

1308 4911 1362 4966 Pro
1383 4912 1514 4982 iniquitate
1536 4912 1642 4967 erudisti
1666 4912 1811 4976 bonaiacum
1831 4922 1855 4966 ct
1877 4913 2000 4968 taderrerc
2017 4916 2103 4984 setini

1307 5003 1704 5057 sicutaratreatttanitnantrueunt
1714 5001 1799 5077 (erat.
1809 5005 1987 5075 atauus-li).
2003 5007 2102 5085 Αιιιιιῇ·

1307 5095 1369 5160 dite,
1381 5096 1485 5163 iratres,
1500 5110 1578 5166 quam
1590 5095 1677 5150 tabida
1687 5106 1727 5150 est
1736 5111 1845 5162 ararica,
1857 5106 1884 5151 ut
1895 5098 1945 5151 leri
1956 5107 2025 5152 metu
2038 5112 2102 5153 eeu

1307 5197 1447 5259 quassetur
1460 5196 1488 5244 et
1501 5189 1638 5243 moriatur.
1655 5187 1688 5242 ttt
1703 5204 1737 5243 oc
1751 5190 1826 5258 quasi
1838 5204 1945 5243 caruero
1960 5190 2043 5245 solutu
2056 5191 2106 5246 iu*

1309 5278 1434 5335 drutitatc
1451 5278 1620 5333 mortalitatis
1633 5288 1786 5346 putaremus
1798 5292 1848 5333 uos
1862 5278 1961 5334 hethere
1971 5280 2103 5339 tabidam}

1308 5384 1361 5423 ooo
1373 5367 1449 5435 dixit,
1458 5368 1607 5423 tabescere
1621 5382 1663 5422 ure
1676 5367 1775 5434 iecisti,
1792 5384 1825 5424 oc
1835 5371 1980 5425 secuudum
1991 5383 2101 5426 carnem

1309 5460 1515 5531 intelligeremus
1527 5477 1534 5513 z
1548 5460 1594 5514 sed
1607 5460 1654 5523 ait,
1665 5458 1801 5515 Tudercere
1810 5462 1891 5532 fecisti
1902 5463 1967 5516 rictu
1979 5478 2101 5516 araneam

1309 5554 1420 5606 animam
1428 5568 1517 5604 meam.
1525 5550 1673 5605 Nilrilcoim
1683 5550 1811 5605 iudrroius
1819 5553 1907 5607 anima
1916 5562 2004 5606 nostru
2015 5553 2106 5620 positar

1311 5644 1336 5697 ia
1350 5641 1444 5697 mediis
1455 5643 1644 5696 tentationibus
1658 5644 1758 5708 surculi,
1773 5645 1797 5698 iu
1812 5644 1906 5699 mediis
1919 5644 2058 5713 garnitilrus
2072 5652 2104 5697 et·

1311 5735 1529 5806 parturitionibus
1545 5735 1741 5800 molestiarum;
1754 5737 1817 5790 arilril
1827 5753 1858 5789 ea
1870 5736 1998 5790 iudrruius
2013 5735 2099 5791 destrue

1311 5826 1411 5881 horeat
1431 5826 1556 5881 soliditati
1570 5828 1683 5891 coelcsti,
1698 5838 1725 5882 et
1740 5829 1774 5881 sit
1786 5829 1811 5882 io
1827 5828 1924 5897 tertrplo
1935 5828 2008 5891 liei&
2030 5829 2104 5883 terralo

1309 5917 1363 5987 jour
1378 5933 1430 5971 uon
1446 5916 1543 5972 cadat:
1560 5919 1620 5987 quia
1636 5919 1721 5987 primo
1736 5927 1763 5972 ut
1782 5920 1885 5973 ueniret
1901 5917 2102 5973 attenuemus

1312 6009 1430 6063 mitatem
1444 6017 1471 6063 ct
1486 6006 1700 6071 tabldcrtiooem,
1716 6009 1784 6063 sieut
1802 6023 1897 6062 aranea
1913 6008 2015 6062 iulirrur
2034 6010 2100 6067 locta

1311 6108 1363 6162 esi,
1377 6108 1404 6154 et
1420 6099 1455 6153 de
1468 6099 1590 6168 paradiso
1608 6100 1715 6168 expulsa
1737 6110 1787 6153 est.
1807 6098 1880 6153 Tunc
1888 6098 1978 6169 jussus
1988 6109 2031 6155 est
2043 6115 2101 6156 aaut·

1346 6213 1353 6243 ¹
1367 6209 1480 6274 t¹leriquo
1491 6218 1555 6271 ttss,
1566 6211 1590 6261 iu
1598 6209 1712 6273 tauquam
1725 6208 1777 6260 tica.
