5400 7059
513 701 582 757 lidi

512 828 566 870 uon
578 821 742 884 angustatur,
758 827 810 866 non
824 812 967 882 premitur:
981 808 1094 880 quodam
1109 808 1188 864 modo
1198 807 1293 864 dilata·

513 916 564 960 tur.
581 905 609 961 ln
630 904 766 960 latitudine
788 918 881 965 mane,
896 910 924 957 et
937 910 1012 972 potes
1030 900 1139 971 diligere
1151 891 1293 954 ¹inimicum

513 1006 602 1058 tuvvm;
617 997 678 1067 quia
693 1009 744 1049 non
766 1010 797 1048 oa
812 992 915 1063 diligis,
931 991 975 1047 ubi
988 990 1021 1047 ab
1041 989 1148 1046 inimico
1161 988 1294 1057 angustias

513 1087 631 1155 patiaris.
652 1085 789 1153 Quomodo
808 1083 961 1155 intelligeris
980 1093 1052 1138 stare
1064 1082 1089 1135 in
1104 1080 1197 1137 atriisl
1208 1078 1254 1137 Sta
1267 1080 1293 1135 iu

511 1178 651 1242 claritate,
665 1185 691 1232 el
703 1186 757 1231 stus
769 1178 795 1231 iu
805 1176 889 1232 atriis.
905 1176 933 1231 ln
945 1175 1073 1231 ebaritate
1084 1173 1193 1230 latitudo
1205 1182 1256 1236 est,
1267 1173 1295 1230 ia

511 1267 574 1322 odio
595 1268 724 1337 angustis.
746 1266 815 1324 dudi
834 1267 1009 1336 Apostolum:
1031 1263 1078 1319 lra
1096 1272 1120 1319 et
1138 1263 1294 1336 indignatio,

511 1359 639 1414 tribulatio
653 1368 678 1415 et
690 1359 807 1430 angustia
825 1359 852 1412 in
866 1373 964 1412 amnem
982 1356 1093 1411 animam
1110 1355 1218 1410 bomims
1235 1369 1296 1424 ape·

511 1434 592 1506 sanus
612 1449 706 1504 malum
722 1447 870 1521 (Romu,
885 1448 912 1509 8,
927 1447 966 1520 9).
992 1447 1030 1503 De
1049 1445 1187 1503 latitudine
1207 1453 1295 1500 autem

511 1542 650 1600 charitatis
663 1543 725 1613 quid
740 1543 822 1598 dicitl
837 1541 960 1609 Quoniam
971 1541 1082 1595 ebaritas
1092 1538 1140 1594 Dei
1154 1537 1248 1607 diffusa
1259 1546 1296 1593 est

512 1634 540 1687 in
552 1629 668 1687 cordibus
682 1633 774 1687 nasim
784 1649 828 1701 per
840 1631 964 1702 Spiritum
973 1640 1103 1697 sanctum,
1119 1631 1162 1700 qui
1176 1629 1250 1682 datus
1259 1638 1296 1683 est

513 1723 584 1777 uobis
597 1721 651 1790 (ld.
665 1737 691 1786 v,
705 1722 744 1791 5).
766 1721 816 1777 Ubi
836 1721 909 1774 audis
927 1719 1110 1780 diffusionem,
1126 1719 1240 1787 intelligo
1260 1718 1296 1771 la·

514 1814 668 1876 titudinem;
682 1814 727 1868 ubi
742 1812 818 1868 audis
832 1812 1015 1876 latitudinem,
1037 1810 1155 1881 intellige
1166 1812 1230 1864 atria
1245 1810 1297 1864 Do·

513 1904 593 1969 mini;
604 1913 632 1959 et
639 1891 842 1958 b'abebisveram
851 1902 1059 1958 benedictionem
1069 1900 1182 1967 Domini,
1191 1900 1296 1970 quando

514 2010 565 2048 non
580 1993 718 2050 maledicis
738 1993 861 2049 inimicis.
877 1993 1028 2064 Alloquitur
1040 1992 1110 2047 enim
1125 1991 1238 2063 Spiritus
1250 2007 1297 2046 eos

513 2088 557 2156 qui
573 2086 709 2157 patiuntur
721 2086 931 2154 tribulationem,
945 2095 974 2141 ut
986 2086 1132 2157 glorientur
1145 2085 1170 2139 in
1187 2084 1297 2139 tribula·

514 2180 644 2245 tionibus;
662 2186 689 2234 et
701 2179 764 2234 dicit
777 2179 831 2241 cis,
846 2176 913 2234 Ecce
924 2195 990 2232 nunc
1003 2176 1138 2232 benedicite
1150 2174 1295 2242 Dominum,

514 2288 598 2325 orrrrres
607 2271 670 2324 sani
683 2269 796 2339 Domini.
811 2268 878 2336 Quid
890 2279 941 2335 est,
954 2265 1022 2322 Ecce
1033 2266 1115 2320 nauci
1126 2264 1154 2320 ln
1165 2265 1215 2320 isne
1228 2277 1297 2320 tem·

514 2381 588 2434 porc.
603 2363 668 2418 Nam
682 2373 742 2432 post
756 2371 901 2417 lrarrsaclas
916 2360 1113 2423 tribulationes,
1130 2358 1296 2412 manifestum

513 2464 556 2508 est
573 2456 632 2520 qnia
656 2454 831 2508 lionoclbuioni
855 2452 957 2506 Domini
971 2450 1140 2510 vacabimus,
1156 2459 1184 2503 ut
1197 2450 1296 2503 dictum

514 2554 572 2598 cst:
589 2543 659 2597 Betiti
675 2536 716 2614 qui
730 2545 844 2597 babitaut
863 2542 890 2597 iu
904 2542 979 2596 domo
999 2525 1059 2605 luu;
1072 2540 1098 2595 iu
1112 2540 1204 2595 saeida
1215 2554 1296 2595 secu·

513 2632 628 2686 erulorum
640 2632 779 2687 laudabunt
794 2644 817 2686 te
831 2633 839 2702 l
847 2631 916 2686 Psal.
938 2645 1046 2696 txxxur,
1058 2628 1096 2700 5).
1109 2629 1158 2697 Qui
1173 2636 1237 2684 tunc
1251 2627 1297 2683 be·

514 2725 643 2778 nedictnri
657 2734 718 2778 sum
738 2739 795 2778 sue
807 2721 928 2784 deiectu,
945 2722 988 2776 bic
999 2721 1128 2790 incipiunt
1140 2719 1297 2776 berrediccre

514 2815 670 2876 ltominum;
688 2813 729 2866 bic
742 2814 767 2866 in
784 2812 1005 2876 tribulationibus,
1020 2810 1046 2865 in
1060 2809 1256 2874 tentationibus,
1270 2809 1296 2864 iu

513 2905 658 2968 uiolastiis,
682 2904 751 2959 inter
773 2903 946 2960 adversitates
968 2903 1073 2965 sacnti,
1097 2902 1167 2958 inter
1188 2901 1297 2958 insidias

512 3000 627 3065 inimici,
644 3001 712 3054 iuter
727 2999 834 3054 iraudes
855 3008 883 3054 et
904 2998 1017 3068 impetus
1038 2997 1145 3052 diaboli.
1165 2997 1220 3053 Hoc
1234 3004 1317 3062 est,'

514 3092 580 3145 licre
595 3109 661 3145 suune
679 3092 814 3146 benedicite
828 3090 979 3156 Dorniuum,
994 3106 1079 3145 amnes
1096 3090 1159 3145 serui
1174 3089 1295 3155 Domini,

512 3185 555 3254 qui
575 3185 647 3239 stalis
666 3185 691 3237 in
713 3183 787 3238 aalma
806 3182 917 3237 Dourini.
933 3181 1002 3251 Quid
1014 3191 1067 3247 esl,
1085 3182 1129 3250 qui
1146 3182 1235 3235 statis?
1247 3179 1297 3250 Qvti

513 3279 698 3345 perseveratis.
721 3274 786 3343 Quia
808 3274 907 3329 dictum
928 3282 969 3328 est
989 3272 1024 3328 de
1044 3271 1169 3342 quodam,
1193 3270 1238 3342 qui
1255 3285 1297 3324 ar·

511 3367 654 3440 chaugclus
668 3367 727 3434 luit,
741 3367 772 3420 Et
782 3367 808 3419 in
820 3368 921 3419 ueritme
933 3381 983 3419 noa
993 3364 1059 3419 stetit
1071 3362 1157 3434 (laun.
1170 3377 1226 3427 vvu,
1236 3361 1296 3424 ills

512 3468 541 3515 ct
553 3460 652 3513 vlictvvm
666 3467 708 3513 est
726 3459 760 3513 de
774 3458 860 3512 amieo
874 3456 979 3526 sponsi,
996 3456 1097 3508 Araricus
1115 3463 1198 3508 autem
1212 3454 1298 3514 spimsi

512 3560 574 3614 stat,
600 3561 622 3603 rt
641 3551 713 3603 crudit
733 3567 805 3613 eum,
827 3559 850 3603 et
864 3548 957 3620 gaudia
977 3548 1068 3619 gaudet
1092 3556 1194 3616 propter
1212 3561 1297 3599 uoecru

511 3641 597 3709 spousi
611 3639 666 3709 (la.
682 3655 719 3700 ut,
733 3639 791 3710 29).
1008 3703 1011 3708 ,

546 3731 574 3785 D.
586 3730 661 3806 [uera.
672 3730 711 3803 2]
724 3733 800 3802 Ergo,
815 3729 865 3799 Qui
873 3731 944 3784 statis
953 3729 1059 3782 inclamo
1069 3726 1182 3795 Domini,
1193 3727 1299 3784 inuti-iis

512 3821 601 3876 donicus
613 3821 660 3875 Dei
673 3822 759 3886 ruostri,
774 3822 800 3875 iu
813 3821 926 3875 noctibus
940 3819 1050 3875 extollite
1063 3836 1152 3874 uranus
1165 3830 1259 3874 uestras
1272 3819 1299 3873 iu

512 3922 643 3976 saltaturi
655 3913 789 3966 benedicite
802 3911 946 3966 Dominam.
959 3911 1047 3967 Facile
1059 3910 1298 3967 cstbeuevlicerein

512 4004 615 4059 dielms.
629 4002 696 4071 Quid
709 4014 758 4069 est,
773 4002 799 4057 in
814 4002 928 4068 diebus‘.l
942 4001 970 4056 ln
990 4001 1070 4058 rebus
1083 4003 1226 4071 prosperis.
1241 4001 1298 4056 llos

513 4096 583 4149 enim
605 4096 687 4149 tristis
709 4110 751 4149 res
765 4102 823 4160 est;
840 4094 896 4148 dives
919 4109 962 4148 res
981 4102 1022 4149 est
1036 4094 1106 4147 luna.
1128 4092 1238 4159 Quando
1253 4091 1308 4146 tibi·

514 4189 581 4241 beue
595 4193 645 4251 est,
663 4185 794 4240 benedicis
807 4184 957 4238 Dominum.
973 4183 1083 4250 Quando
1098 4183 1179 4236 libum
1194 4181 1300 4235 deside-

514 4292 557 4332 ras
579 4286 605 4331 ει
629 4277 760 4340 nascitur,
785 4276 919 4330 benedicis
941 4275 1090 4329 Dominum.
1113 4273 1233 4328 Liberata
1258 4280 1299 4328 est

514 4384 582 4423 visor
605 4378 647 4423 tua
671 4385 685 4420 a
711 4368 826 4438 pericrrlo
851 4376 960 4435 partus:
987 4364 1121 4420 benedicis
1149 4363 1297 4417 Douniuum.

513 4457 670 4529 AEgrotabat
697 4459 783 4522 lulius,
809 4457 953 4522 liberatur,
986 4455 1119 4511 benedicis
1149 4451 1326 4511 Dominuuv.'

513 4550 669 4621 AEgrotabat
681 4550 769 4615 lilius;
792 4548 859 4603 lorte
872 4548 987 4618 quaesisti
1003 4545 1228 4610 mathematicum,
1243 4559 1300 4599 sor·

516 4643 621 4713 tilegum
630 4661 637 4696 ε
646 4642 711 4696 lorte
723 4657 773 4694 non
784 4641 818 4696 de
828 4640 927 4711 lingua,
940 4639 985 4695 sed
999 4640 1033 4695 dc
1043 4639 1161 4693 moribus
1171 4637 1222 4693 tuis
1236 4638 1300 4693 exiit

515 4733 665 4788 maledictio
679 4734 703 4787 in
717 4732 853 4786 Dounuum
866 4748 873 4797 ;
888 4732 952 4786 exiit
965 4731 998 4785 de
1013 4729 1130 4784 moribus
1144 4729 1233 4784 etvila
1244 4737 1298 4783 tua.

514 4825 572 4882 tlou
586 4826 690 4894 gloriari
703 4826 763 4894 quia
778 4826 863 4894 lingua
886 4822 1030 4885 benedicis.
1045 4823 1066 4877 si
1080 4823 1130 4876 uita
1151 4821 1298 4876 maledicis.

514 4919 662 4984 Quomodo,
677 4919 773 4987 inquis,
788 4919 839 4970 vita
855 4916 1001 4973 maledico?
1014 4914 1079 4981 Quia
1091 4913 1297 4969 attcnvliturvita

516 5019 569 5070 luva,
585 5018 611 5063 et
631 5009 745 5063 dicitnr:
762 5010 829 5063 Eece
849 5007 1017 5071 christianus,
1040 5021 1103 5061 ecee
1122 5007 1216 5075 quales
1237 5017 1300 5062 srvat

514 5101 664 5154 Christiani.
681 5100 881 5169 lllaspbematur
900 5106 1008 5168 propter
1030 5108 1055 5152 te
1076 5097 1206 5151 Cbristus.
1232 5097 1300 5152 Ecce

514 5208 574 5247 cum
589 5193 641 5246 rita
656 5202 698 5245 tna
714 5191 861 5246 ruraleilicat.
874 5189 936 5259 quid
950 5187 1056 5258 prodest
1069 5189 1137 5258 quod
1153 5188 1240 5259 lingua
1256 5198 1299 5243 tua

516 5282 667 5343 lpenetbcitl
692 5282 840 5337 Denevlcite
864 5296 926 5351 crgo
948 5280 1098 5333 Dominum.
1122 5279 1253 5346 erarulo?
1267 5277 1299 5333 lu

477 5349 636 5466 iactabas.
656 5372 765 5442 Quando
781 5372 914 5426 benedixit
933 5370 1002 5424 lob?
1014 5371 1123 5437 erariilo
1146 5369 1227 5423 tristis
1247 5384 1298 5423 uox

514 5476 581 5518 erat.
604 5465 696 5520 dblala
718 5464 878 5517 suatumnia
901 5477 959 5530 (prim
982 5462 1202 5529 possidebantur:
1218 5459 1298 5513 :viriati

515 5558 558 5611 lilii
572 5557 846 5627 qnibusscrvabanmr
858 5573 864 5608 :
876 5569 953 5626 quam
965 5552 1046 5607 tristis
1059 5569 1110 5606 uvis
1121 5554 1127 5607 l
1145 5552 1196 5606 Sevi
1207 5553 1299 5607 videa-

514 5662 573 5701 mus
593 5648 614 5701 si
630 5663 681 5702 nou
695 5648 720 5701 in
745 5655 821 5701 nocte
836 5644 965 5700 benedicit
981 5642 1125 5697 :Dominus
1144 5643 1221 5708 dedit,
1243 5642 1297 5697 Do·

513 5739 596 5794 virinus
608 5738 708 5793 abstulit
718 5756 727 5804 ,·
739 5739 801 5792 sicut
817 5736 924 5790 Dourirm
936 5734 1029 5806 placuit
1047 5737 1082 5786 ita
1097 5737 1190 5804 [actuum
1202 5744 1237 5786 est
1248 5734 1299 5787 :sit

514 5847 603 5892 nomen
619 5831 719 5884 Donrini
735 5828 890 5884 benedictum
910 5825 969 5899 (lob
983 5842 1000 5888 v,
1015 5825 1122 5894 lt-ttp.
1143 5824 1225 5894 Quam
1246 5840 1297 5879 nux

513 5936 569 5980 ntra
585 5927 610 5980 ¹!
626 5925 769 5980 emensos
789 5924 878 5977 ulcere
900 5937 914 5975 a
934 5921 1018 5990 capite
1040 5933 1122 5989 usquo
1141 5918 1174 5973 ad
1196 5917 1295 5988 pedes,

548 6137 555 6165 ¹
565 6142 602 6191 sic
613 6149 665 6192 tiss.
675 6141 729 6191 edd.
741 6155 808 6191 roro.
820 6148 900 6190 atrax.

639 6208 771 6274 Parnon.
794 6211 960 6272 xxxvii.

936 756 942 768 ,
1035 697 1228 753 absentato
1247 696 1279 752 bt
1298 695 1459 754 bstttlbll
1477 696 1618 753 CXXXiV.

1346 807 1506 877 putrclactns
1519 808 1679 880 liquescebat
1690 809 1715 864 in
1731 824 1770 866 se.
1785 809 1860 867 l'nrrc
1872 811 1927 867 Eva
1939 827 2002 868 ausa
2016 824 2056 869 est
2068 831 2130 871 eum

1346 893 1469 955 teutare':
1487 899 1533 954 Dic
1546 899 1643 970 aliquid
1654 901 1680 954 in
1693 900 1775 955 Deum
1793 912 1875 967 tuum,
1895 915 1919 958 et
1932 919 2036 958 numme.
2063 905 2130 960 drvdl
2183 895 2185 901 ’

1346 991 1542 1045 benedicentem
1567 991 1592 1045 in
1616 991 1737 1047 noctibus
1751 1010 1758 1047 ε
1772 991 1869 1047 lamro
1886 1010 1922 1057 es,
1944 995 2039 1065 iuquit,
2059 996 2132 1064 quusi

1345 1099 1397 1138 uua
1408 1099 1439 1138 ea
1457 1082 1631 1150 insipientibus
1644 1084 1798 1139 mulieribus.
1813 1085 1843 1141 Si
1857 1085 1921 1139 bana
1933 1088 2087 1156 suscepimus
2101 1087 2133 1141 de

1346 1189 1422 1227 amun
1431 1173 1541 1239 Donrini,
1551 1173 1618 1227 nrala
1625 1189 1675 1228 uon
1684 1173 1843 1229 tolerabimus
1854 1175 1913 1246 (lab
1922 1192 1951 1242 u,
1960 1176 2036 1247 MD)
2043 1175 2055 1229 l
2063 1177 2133 1233 Ecce

1345 1261 1408 1334 quiri
1422 1271 1473 1325 est,
1488 1260 1522 1316 ln
1535 1262 1647 1320 noctibus
1662 1264 1773 1318 extollite
1783 1282 1873 1320 manus
1886 1277 1980 1322 uestras
1993 1269 2019 1322 ia
2031 1248 2130 1333 salicta,

1346 1364 1370 1409 et
1383 1355 1518 1410 benedicite
1530 1354 1675 1411 Dominum.
1689 1356 1757 1424 Quid
1769 1358 1834 1413 dixit
1847 1359 1919 1414 lab?
1933 1359 2029 1415 Lccuta
2039 1378 2065 1416 es
2075 1372 2133 1416 tarv-

1345 1463 1421 1517 quam
1443 1439 1494 1500 vanis
1514 1463 1546 1501 ra
1564 1447 1737 1518 insipientibus
1760 1449 1914 1506 nvulimibus.
1930 1449 2023 1506 'uldam
2048 1452 2133 1523 putris

1347 1539 1443 1610 repulit
1455 1539 1547 1607 Evasit,
1559 1549 1680 1610 tanquam
1693 1539 1785 1596 diceus
1797 1559 1803 1595 :
1815 1541 1933 1597 Sulllcial
1943 1542 2012 1612 quod
2024 1554 2132 1615 propter

1348 1640 1374 1686 te
1392 1629 1511 1686 mortalis
1531 1628 1640 1698 effectus
1660 1646 1729 1686 sum.
1748 1631 1873 1686 llalueras
1887 1631 1913 1686 in
1937 1632 2068 1702 paradiso,
2084 1633 2132 1689 sed

1347 1720 1460 1777 vinceris
1474 1721 1500 1775 ia
1513 1720 1741 1792 stercoroblagna
1752 1722 1835 1793 gratia
1848 1722 1910 1776 Dei!
1921 1721 1973 1778 Sed
1986 1722 2055 1778 uude
2068 1723 2131 1790 livre,

1347 1811 1398 1867 nisi
1415 1811 1475 1881 qnia
1490 1825 1535 1868 ros
1551 1811 1665 1867 llermon
1686 1813 1851 1882 compluerat
1871 1812 1942 1868 illam
1962 1815 2091 1881 animam,
2106 1824 2135 1872 et

1347 1899 1457 1957 dedemt
1470 1900 1597 1956 Dominus
1620 1893 1787 1969 suavitatem,
1811 1913 1838 1957 ut
1854 1911 1924 1958 terra
1947 1913 2038 1959 nostra
2058 1903 2135 1962 daret

1347 1991 1461 2049 iructum
1471 2010 1546 2048 suum
1559 1993 1642 2063 (Psal.
1656 2010 1764 2059 cxxxiv,
1781 1994 1847 2066 lbi?
1860 1993 1893 2048 ln
1904 1997 2016 2051 noctibus
2024 1996 2135 2054 extollite

1347 2102 1437 2140 manus
1445 2098 1538 2143 oestrus
1551 2086 1686 2151 insaucia,
1698 2096 1720 2140 et
1731 2085 1867 2160 benedicite
1880 2085 2026 2142 Dorrtlnum.

1383 2175 1410 2229 5.
1424 2173 1497 2248 [aera.
1511 2174 1549 2247 5.]
1563 2174 1697 2230 Benedicat
1713 2185 1737 2230 te
1750 2175 1874 2231 Dominus
1887 2193 1918 2232 ea
1933 2178 2004 2242 Sina,
2019 2180 2062 2249 qui
2076 2180 2135 2252 {ecit

1348 2266 1437 2320 calum
1456 2275 1479 2321 et
1494 2277 1594 2320 remant.
1620 2266 1711 2323 Plures
1733 2267 1853 2322 bormtur
1876 2277 1905 2326 ut
1919 2269 2084 2333 lierredicaut,
2108 2278 2136 2329 et

1348 2358 1406 2428 ipse
1429 2373 1509 2413 viuum
1523 2358 1668 2423 benedicit,
1684 2359 1744 2429 quia
1758 2374 1791 2415 es
1813 2360 1932 2429 pluribus
1956 2377 2036 2417 vinum
2051 2360 2134 2428 forits

1347 2448 1409 2518 quia
1421 2448 1512 2503 bouum
1526 2459 1550 2503 et
1565 2449 1708 2521 jucundum
1722 2460 1764 2506 est
1776 2449 1889 2507 babitare
1907 2454 1998 2519 iratres
2016 2455 2042 2508 in
2057 2471 2135 2510 uuum

1348 2537 1433 2609 (Psal.
1459 2553 1559 2604 cxxxvi,
1585 2539 1622 2612 l).
1649 2539 1763 2596 Pluralis
1785 2556 1930 2607 numerus,
1956 2546 2066 2615 [ratres5
2088 2543 2135 2600 sed

1348 2631 1497 2700 singularis,
1512 2631 1625 2685 babitare
1635 2631 1663 2686 in
1674 2647 1752 2686 mum
1763 2648 1773 2686 .·
1783 2632 1852 2697 idco,
1867 2631 2002 2688 Denedicut
2015 2643 2039 2688 te
2047 2633 2135 2689 Domi·

1348 2737 1395 2776 nus
1406 2737 1438 2776 ea
1448 2720 1521 2784 Sion,
1534 2723 1577 2788 qui
1591 2722 1649 2793 [ecit
1660 2721 1750 2776 calum
1765 2733 1789 2776 et
1802 2733 1907 2777 terram.
1921 2722 2004 2778 licum
2017 2735 2135 2782 vestrum

1348 2810 1419 2868 dicat
1433 2829 1440 2866 :
1454 2813 1494 2867 dd
1507 2828 1550 2868 me
1565 2829 1617 2867 non
1632 2814 1760 2882 pervenit.
1775 2813 1857 2869 Pvuas
1870 2815 1930 2884 quis
1944 2825 1985 2870 est
1999 2830 2078 2884 quem
2093 2816 2135 2872 di·

1350 2903 1399 2969 xit,
1412 2901 1545 2957 Deuedieat
1563 2913 1586 2957 te
1603 2903 1726 2958 Dominus
1738 2919 1771 2958 ea
1783 2903 1869 2959 Sion?
1881 2903 1967 2960 Unum
1983 2904 2135 2962 benedixit:

1348 3002 1407 3049 esto
1419 3009 1512 3061 uuum,
1524 3001 1552 3049 et
1570 2995 1692 3065 pervenit
1710 2993 1743 3049 ad
1758 3003 1783 3049 te
1796 2993 1956 3056 benedictio.

1527 3199 1567 3260 IN
1589 3199 1777 3261 PSALMUM
1797 3197 1960 3261 CXXXIV

1647 3316 1854 3372 Elibbbatlb.

1626 3443 1710 3485 senua
1724 3445 1758 3484 aa
1769 3445 1881 3486 neuneu.

1385 3544 1411 3599 l.
1426 3539 1500 3615 [aas.
1515 3541 1552 3616 1.]
1567 3543 1649 3598 Valde
1662 3543 1738 3598 dulce
1750 3542 1826 3598 uobis
1840 3557 1900 3598 esse
1912 3543 2003 3612 debet,
2019 3554 2047 3600 et
2060 3544 2137 3603 dulae

1350 3635 1426 3690 nobis
1438 3649 1498 3691 esse
1510 3635 1675 3705 gaudendum
1689 3644 1740 3700 est,
1755 3651 1807 3705 quo
1819 3651 1868 3689 uos
1884 3637 2000 3705 psalmus
2021 3637 2071 3694 isle
2090 3653 2138 3694 eo·

1350 3725 1480 3783 bortatur.
1495 3728 1563 3783 Dieil
1572 3728 1642 3783 euim
1653 3745 1659 3780 :
1670 3727 1784 3781 Laudate
1793 3743 1882 3780 uorrreu
1895 3727 2004 3782 Domini.
2015 3728 2139 3786 Causam

1349 3835 1401 3890 que
1414 3819 1497 3889 ipsam
1510 3834 1592 3890 quare
1604 3818 1704 3889 justum
1718 3819 1752 3873 sit
1765 3827 1794 3874 ιιι
1816 3820 1952 3875 laudemus
1975 3837 2072 3886 norrren
2089 3821 2140 3877 Do-

1349 3909 1425 3978 miui,
1450 3911 1576 3966 continuo
1599 3909 1869 3981 subjecttztanaue,
1893 3913 1967 3978 seravi,
1991 3911 2139 3972 Dunviuuat.

1350 4002 1417 4069 Quid
1437 4002 1555 4070 justius?
1568 4000 1770 4074 quid'diguiusl
1785 4003 1846 4073 qnid
1860 4004 1981 4073 gratius?
1996 4006 2102 4061 Etenim
2115 4008 2139 4062 si

1350 4109 1403 4148 aon
1425 4093 1589 4149 laudaverint
1611 4095 1679 4149 servi
1699 4094 1859 4159 Dominum;
1880 4097 1997 4164 superbi,
2022 4098 2138 4168 ingrati,

1350 4182 1488 4253 irreligiosi
1503 4193 1589 4239 erum
1604 4183 1819 4253 carintanorum
1834 4200 1886 4239 tlbtl
1902 4184 2033 4241 laudando
2050 4188 2139 4243 Domi·
2237 4238 2238 4242 ,

1351 4291 1424 4336 num,
1436 4274 1485 4329 uisi
1497 4283 1526 4329 ul
1536 4289 1657 4330 severum
1668 4275 1782 4328 sentiant
1794 4275 1951 4329 Dominum?
1962 4275 2051 4346 Neque
2063 4278 2136 4335 cuivs

1351 4380 1445 4423 servus
1458 4365 1586 4436 ingratus,
1608 4366 1630 4420 si
1644 4365 1784 4421 Dominum
1798 4383 1874 4421 suum
1889 4367 1998 4424 laudare
2012 4367 2139 4438 noluerit,

1351 4459 1412 4514 ideo
1434 4456 1515 4513 clbcit
1534 4466 1564 4512 ut
1576 4471 1669 4513 servus
1688 4471 1740 4511 non
1761 4456 1804 4512 sit.
1820 4456 1934 4523 baridos,
1958 4473 2010 4513 uon
2026 4459 2139 4528 laudes,

1351 4564 1444 4606 seruus
1454 4565 1484 4606 es
1499 4569 1506 4605 :
1521 4549 1567 4605 sed
1580 4550 1602 4604 si
1615 4548 1723 4613 lavvdes,
1739 4548 1909 4619 propitiabis;
1925 4550 1947 4604 si
1960 4566 2013 4606 mm
2035 4551 2136 4619 laudes,

1351 4641 1479 4698 ollondes.
1495 4643 1566 4697 Dona
1580 4657 1644 4713 ergo
1663 4641 1812 4697 exhortatio
1827 4652 1853 4697 ot
1866 4643 1955 4708 utilis;
1970 4644 2139 4716 undemagis

1351 4743 1470 4805 satagere
1481 4733 1608 4790 debemus
1620 4733 1843 4804 quemadmodum
1854 4733 2000 4790 laudandus
2012 4736 2047 4792 sit
2057 4736 2138 4806 Dens,

1351 4839 1429 4895 quam
1443 4822 1564 4879 dubitare
1578 4822 1747 4877 laudandum.
1763 4821 1879 4877 mudule
1891 4839 1956 4895 ergo
1977 4841 2067 4893 nomeu
2083 4826 2140 4882 Da·

1351 4915 1423 4967 sirini.
1445 4913 1570 4968 llorlatur
1582 4927 1630 4967 nos
1643 4912 1773 4979 Psalmus,
1788 4912 1907 4968 bortatur
1920 4929 1968 4970 nos
1986 4915 2139 4986 Propbcts,
2215 4934 2266 4987 ..o-5

1353 5004 1471 5060 bortatur
1483 5019 1531 5059 nos
1544 5004 1657 5074 Spiritus
1669 5004 1726 5069 Dei,
1742 5005 1863 5061 bortatur
1877 5014 2010 5074 postremo
2024 5022 2072 5064 nas
2082 5008 2141 5078 ipse
2194 5004 2264 5079 *jfi'r
2282 5046 2284 5051 -

1352 5096 1489 5162 Dominus,
1503 5106 1533 5151 ut
1546 5095 1684 5151 laudemus
1700 5095 1850 5150 Dominum.
1863 5095 1919 5151 Nou
1933 5097 2003 5151 enim
2018 5097 2141 5156 laudibus
2196 5084 2210 5113 Ψ
2220 5098 2224 5111 “
2233 5132 2240 5161 -,

1353 5189 1450 5243 nostris
1466 5187 1510 5242 illc
1523 5187 1629 5251 crescit,
1650 5185 1697 5239 sod
1713 5201 1771 5241 nos.
1796 5185 1868 5240 Deus
1882 5201 1931 5241 nee
1946 5187 2039 5242 molior
2057 5189 2096 5253 bt,
2116 5190 2144 5246 si

1352 5278 1517 5340 laudaveris;
1541 5292 1589 5331 uec
1610 5275 1745 5338 deterior,
1768 5275 1789 5328 si
1813 5275 2002 5343 vituperaveris
2017 5294 2024 5330 :
2038 5277 2086 5332 secl
2110 5285 2139 5332 tu

1352 5371 1481 5425 lutrrvlaudo
1495 5370 1604 5428 bouum,
1621 5368 1714 5421 irrelior
1726 5366 1778 5421 cris
1791 5383 1798 5431 ;
1813 5368 1995 5435 vituperando,
2006 5367 2135 5424 deterior:

1351 5463 1437 5517 ltonus
1449 5472 1537 5515 autem
1553 5460 1596 5514 illo
1611 5468 1709 5520 manet,
1724 5467 1753 5512 ut
1773 5466 1823 5512 est.
1839 5457 1865 5512 Si
1879 5461 1949 5512 enim
1970 5474 2062 5513 servits
2074 5473 2139 5515 suris

1351 5553 1423 5623 ipsos
1447 5551 1514 5606 bruc
1536 5551 1568 5604 dc
1593 5565 1622 5603 sc
1643 5549 1762 5612 meritos,
1778 5548 1965 5618 praedicatores
1979 5548 2052 5602 vcrlri
2075 5550 2136 5617 sui,

1351 5652 1468 5699 rectores
1482 5643 1606 5697 Ecclesia
1620 5656 1684 5706 sna,
1705 5649 1874 5695 verioratores
1890 5640 2003 5694 nominis
2023 5642 2074 5705 sui,
2090 5641 2137 5695 ub·

1351 5744 1542 5804 temperatores
1561 5731 1676 5786 inundati
1690 5732 1729 5786 sui
1745 5731 1769 5784 id
1786 5730 1873 5798 docet,
1889 5739 1917 5782 nt
1938 5729 1964 5783 iu
1977 5732 2139 5786 corusciontia

1350 5842 1397 5882 sua
1412 5826 1525 5880 babeant
1536 5822 1701 5877 dulcedinem
1715 5822 1791 5875 linum
1812 5821 1872 5874 vitm
1884 5835 1949 5880 sirac,
1964 5835 1997 5873 ue
2017 5835 2138 5876 corrum-

1350 5926 1447 5988 pantur
1458 5913 1589 5979 laudibus,
1606 5928 1639 5967 ue
1654 5911 1826 5982 b·augantur¹
1841 5910 2077 5978 vituperationibus
2092 5911 2140 5966 bo·

1382 6074 1389 6105 ¹
1404 6069 1487 6122 Plures
1497 6076 1549 6121 tiss.
1570 6082 1613 6119 trec
1633 6069 1817 6128 corrumpantur
1835 6060 1958 6121 madibus,
1977 6075 2021 6114 nec
2039 6065 2137 6130 fragon.

1350 6143 1397 6195 tur,
1417 6141 1463 6183 ete

1714 6187 2023 6270 {diequarte-cinq.)
