5400 7059
1042 784 1082 838 ς
1101 780 1221 835 aar
2203 764 2591 825 Exannarto
2627 765 2691 820 m
2732 764 3050 828 psaranum
3075 770 3205 828 etv.
4188 788 4321 844 ,ως

1008 899 1183 962 ,hm
1204 910 1375 950 eorum
1402 890 1633 964 infirmer
1662 907 1679 946 :
1706 889 1801 947 sed
1829 902 2070 959 corpore,
2114 901 2219 942 non
2249 887 2444 941 animo.
2474 883 2649 939 Etiam
2756 883 2852 938 ista
2877 885 2998 940 data
3024 895 3181 951 sunt,
3211 902 3277 942 ne
3302 887 3404 944 boc
3429 891 3597 961 ipsum
3626 903 3896 963 putaretur
3923 911 4190 955 summum
4218 903 4316 956 bo·

1024 989 1193 1044 hoe
1213 1001 1460 1058 magnum
1487 984 1578 1040 Dei
1607 982 1922 1039 beneficium
1948 980 2077 1045 tuit,
2113 990 2171 1034 ut
2199 980 2251 1034 in
2276 978 2364 1033 illa
2411 976 2645 1034 necessi·
2752 992 2900 1046 num,
2928 980 3067 1050 quod
3105 981 3202 1036 ista
3239 981 3461 1038 felicitas
3487 1001 3660 1041 rerum
3705 992 4071 1058 temporalium
4113 995 4309 1064 populo

1013 1092 1196 1136 t-nte
1220 1077 1476 1150 migrandi
1506 1077 1841 1141 nnllnsssesset
1866 1085 2115 1147 aegrotus.
2469 1076 2479 1087 ·
2752 1069 2846 1126 Dei
2873 1071 2993 1127 data
3023 1083 3137 1134 est:
3166 1075 3418 1131 continuo
3445 1093 3562 1132 eam
3583 1076 3650 1133 ad
3670 1080 3808 1135 aliud
3829 1084 4024 1148 retulit,
4050 1086 4137 1140 nbi
4163 1102 4316 1141 sum·

1153 1169 1247 1226 29.
1275 1168 1426 1242 [vers.
1449 1165 1563 1241 58.]
1591 1167 1786 1222 Loetoto
1831 1175 1904 1221 est
1950 1165 2211 1238 AEqyptns
2253 1165 2306 1220 in
2347 1163 2654 1236 profectione
2750 1179 2894 1220 mum
2924 1166 3120 1222 bonum
3150 1177 3358 1237 oportet
3387 1169 3580 1239 inquiri
3613 1190 3626 1226 τ
3659 1171 3725 1227 Ut
3764 1176 4082 1244 custodiant,
4110 1179 4313 1249 inquit,

986 1279 1273 1329 eorm,
1316 1264 1436 1332 qnia
1463 1261 1683 1316 incubuit
1723 1262 1870 1315 timor
1909 1275 2082 1315 eorum
2126 1266 2277 1329 super
2318 1274 2420 1316 eos.
2468 1252 2653 1312 Timor
2739 1255 3128 1324 justificationes
3146 1259 3285 1323 eius,
3311 1269 3357 1312 et
3383 1260 3540 1329 leqem
3568 1263 3676 1333 ejus
3710 1266 3981 1334 requirant.
4021 1266 4118 1322 Ubi
4153 1269 4318 1324 iutel-

1003 1357 1261 1426 ntique
1286 1354 1631 1411 Hebraeorum
1669 1365 1829 1423 super
1855 1351 2152 1422 AEgyptios.
2174 1349 2286 1404 Non
2316 1349 2457 1404 enim
2500 1348 2651 1403 timor
2748 1345 3015 1418 ligendum
3040 1357 3121 1404 est
3146 1350 3238 1407 Dei
3268 1366 3448 1408 servos
3473 1363 3527 1408 et
3553 1355 3751 1413 electos
3776 1359 3910 1413 tilios
3927 1362 4314 1429 promissionis,

1003 1463 1272 1514 eorum,
1315 1460 1420 1517 quo
1462 1444 1721 1500 timebant
1748 1443 1976 1508 liebraei,
2014 1441 2105 1497 sed
2155 1455 2261 1511 quo
2309 1440 2645 1497 timebantur.
2746 1454 2928 1495 verum
2949 1448 3005 1495 et
3027 1457 3336 1512 germanum
3363 1459 3545 1500 semen
3571 1446 3795 1503 Abrabae
3818 1489 3834 1516 ,
3860 1451 4123 1508 imitantes
4154 1453 4313 1511 tidem

1011 1538 1225 1595 Dicet
1252 1539 1444 1609 aliquis
1471 1556 1486 1594 ε
1511 1537 1789 1606 Quomodo
1813 1550 1939 1607 ergo
1960 1534 2207 1590 nolebant
2247 1547 2339 1588 eos
2382 1532 2648 1586 dimittere
2746 1532 2992 1598 Abrabae,
3023 1543 3301 1604 propterea
3330 1537 3429 1591 ista
3468 1537 3607 1625 bona
3637 1549 3845 1596 terrena
3871 1557 4079 1600 sumere
4106 1561 4134 1598 a
4161 1546 4271 1601 Deo
4291 1588 4308 1612 ,

1013 1629 1357 1702 AEgyptii?
1389 1627 1655 1700 quomodo
1698 1637 1945 1698 tanquam
1990 1625 2253 1682 redituros
2296 1621 2647 1679 dimiserunt?
2746 1631 2806 1676 ut
2832 1638 2936 1678 uon
2967 1624 3019 1678 in
3040 1625 3117 1680 eis
3154 1625 3277 1680 luxu
3314 1626 3589 1694 diffluant,
3620 1630 3732 1686 sive
3752 1622 3998 1701 perversa
4028 1637 4311 1693 securitate

1015 1722 1351 1794 quomodo
1392 1730 1640 1799 tanquam
1689 1719 1936 1775 redituris
1960 1726 2016 1773 et
2053 1716 2338 1773 reddituris
2382 1728 2566 1768 aurum
2591 1721 2646 1768 et
2747 1721 3077 1783 torpescant;
3105 1715 3198 1770 sed
3226 1716 3344 1773 ideo
3365 1719 3593 1775 habeant
3618 1721 3793 1777 divina
3820 1725 4174 1781 misericordia
4197 1727 4312 1785 bano

1019 1821 1356 1884 argentum
1395 1812 1692 1882 petentibus
1733 1808 2223 1873 commodaverunt,
2281 1806 2325 1860 si
2367 1805 2536 1860 loetato
2571 1813 2644 1858 est
2744 1806 2922 1861 omnia
2951 1818 3266 1877 praeparata,
3290 1810 3341 1864 in
3362 1811 3551 1881 quibus
3574 1814 3872 1884 quaerendis
3893 1826 4110 1885 possent
4146 1833 4313 1890 nego-

1026 1902 1342 1976 AEqypm
1387 1903 1443 1957 in
1487 1901 1789 1973 profectione
1839 1916 2008 1955 eornm
2030 1899 2057 1952 :²
2106 1898 2210 1954 Sed
2248 1894 2642 1967 intelligendum
2746 1899 3044 1955 tiosissimis
3071 1899 3340 1957 laboribus
3359 1905 3625 1974 occupari,
3655 1915 3712 1960 ut
3739 1907 3803 1962 ad
3831 1907 3931 1962 hoc
3951 1918 4138 1964 vacent
4163 1909 4303 1967 unde

1033 2005 1171 2063 αι,
1224 2003 1351 2068 post
1392 1995 1535 2050 illam
1577 1993 1810 2048 ultimam
1861 1990 2229 2062 AEgyptiorum
2275 1995 2497 2042 mortem
2522 2027 2540 2055 ,
2588 1993 2644 2041 ct

1035 2095 1275 2142 mutam
1321 2094 1551 2157 stragem
1599 2084 1652 2140 in
1702 2084 1833 2139 mari
1874 2065 2072 2138 Rubro'
2096 2090 2201 2136 tam
2234 2080 2407 2151 magni
2454 2093 2640 2150 perse-

1037 2177 1286 2249 quentis
1313 2177 1601 2240 exercituS,
1621 2174 1896 2247 AEgyptios
1917 2173 2155 2228 timuisse
2173 2172 2413 2227 residuos
2429 2186 2495 2227 ne
2522 2169 2641 2225 red·

1042 2271 1213 2326 irent
1255 2268 1487 2331 Hebraei,
1527 2276 1583 2324 et
1626 2282 1808 2340 eorum
1861 2265 2111 2335 reliquias
2154 2279 2340 2334 magna
2393 2262 2642 2319 facilitate

1041 2368 1435 2417 contererent.
1466 2357 1615 2414 Tunc
1643 2357 1916 2427 impletum
1946 2351 2187 2426 estquod
2210 2354 2453 2426 superius
2471 2395 2488 2421 ,
2518 2368 2639 2409 cum

1043 2451 1319 2518 dixisset,
1351 2449 1418 2505 Ee
1444 2451 1584 2503 auxit
1604 2448 1848 2521 populum
1871 2464 2017 2502 suum
2044 2447 2368 2509 vehementer,
2394 2460 2516 2501 mox
2540 2445 2639 2500 ad·

1041 2541 1225 2610 didit,
1249 2540 1316 2596 Et
1342 2541 1557 2611 firnwvit
1577 2556 1688 2594 enm
1719 2555 1871 2608 snper
1900 2537 2124 2592 inimicos
2156 2539 2283 2608 ejus.
2314 2536 2459 2591 Hane
2497 2535 2639 2591 enim

1043 2633 1394 2690 sententiam
1423 2646 1528 2686 uno
1568 2630 1830 2688 versiculo
1856 2629 2175 2700 propositam
2225 2636 2281 2683 ut
2309 2627 2633 2697 explicaret,

1039 2723 1341 2798 quomodo
1365 2723 1416 2779 id
1439 2723 1633 2778 sactum
1667 2722 1757 2788 sit,
1784 2721 2022 2790 adjunxit
2061 2727 2252 2774 caetera
2294 2733 2412 2789 quae
2456 2717 2509 2773 in
2541 2720 2638 2774 bac

1045 2815 1230 2872 laude
1254 2814 1422 2871 cladis
1447 2814 1465 2845 ¹
1495 2811 1761 2878 narravit,
1790 2827 1956 2882 usque
1999 2811 2066 2865 ad
2109 2811 2265 2865 istum
2308 2810 2484 2866 locum
2504 2851 2521 2877 ,
2548 2809 2637 2866 ubi

1035 2907 1166 2974 ait,
1195 2906 1366 2960 mma
1390 2915 1463 2959 est
1489 2902 1748 2973 AEqyptus
1767 2903 1818 2955 in
1841 2902 2146 2972 profectione
2182 2916 2352 2954 eorum
2370 2940 2386 2967 ,
2412 2901 2533 2972 qnia
2553 2900 2637 2954 in·

1045 3000 1242 3052 rubuit
1274 2995 1422 3052 simm-
1444 3011 1617 3051 eornm
1659 3010 1808 3065 super
1834 3009 1950 3057 eos,·
1988 2993 2134 3048 velut
2175 2993 2450 3062 assignans
2496 2991 2636 3063 quod

1037 3096 1451 3164 {propos-suerat,
1495 3086 1617 3158 quia
1642 3084 1869 3141 firmavit
1896 3083 2142 3154 populum
2173 3093 2324 3138 suum
2351 3098 2510 3153 super
2531 3082 2635 3138 ini·

1033 3180 1234 3244 {titium
1262 3184 1398 3252 eius*
2460 3242 2463 3246 ⁴

1142 3272 1226 3332 311.
1270 3272 1422 3344 [vers.
1450 3268 1562 3342 39]
1589 3267 1815 3325 Proinde
1856 3266 1964 3338 jam
2009 3265 2136 3321 dicit
2176 3281 2294 3336 quae
2340 3269 2441 3320 iter
2474 3279 2636 3334 agen·

1037 3356 1210 3420 Hibita
1234 3364 1286 3420 iu
1318 3376 1499 3420 eremo
1527 3362 1785 3417 beneticia
1810 3359 1985 3414 divina
2014 3358 2201 3412 collata
2246 3365 2386 3411 sunt.
2420 3356 2632 3426 Expon-

1037 3452 1150 3508 atu
1162 3456 1338 3508 nubem
1370 3456 1418 3504 in
1457 3452 1809 3523 protectionem
1847 3466 2016 3504 eorum
2040 3490 2053 3512 ,
2081 3458 2128 3503 et
2156 3449 2319 3517 ionem
2360 3456 2415 3500 ut
2449 3447 2634 3501 luceret

1037 3544 1142 3600 *ia
1186 3560 1274 3616 pff
1342 3553 1554 3600 aarum.
1602 3542 1734 3598 Tam
1803 3553 1928 3596 sunt
1983 3540 2097 3596 baec
2149 3539 2427 3596 manifesta
2476 3553 2633 3610 quam

1045 3644 1210 3692 mn-

1138 3728 1226 3784 31.
1264 3724 1418 3801 [uerit.
1456 3725 1571 3800 to.]
1619 3726 1876 3782 Petierunt
1898 3727 1941 3793 ⁹,
1986 3735 2035 3780 et
2077 3726 2205 3780 uenit
2236 3726 2485 3781 coturnix.
2515 3725 2631 3782 Non

1051 3817 1393 3874 flumicem
1421 3817 1868 3888 concupiverunt,
1902 3816 1996 3871 sed
2021 3830 2228 3872 earneS.
2251 3814 2385 3883 Quia
2421 3830 2551 3871 vero
2578 3825 2633 3872 et

1057 3909 1309 3966 <intumis
1336 3923 1464 3966 earo
1489 3918 1604 3975 est,
1646 3910 1776 3964 etin
1806 3909 1909 3962 isto
1941 3908 2142 3978 psalmo
2169 3923 2275 3962 non
2311 3902 2633 3978 loquitur'de

1057 4000 1443 4058 amaricatione
1465 3999 1673 4055 illorum
1710 4000 1761 4053 in
1789 3998 1975 4069 quibus
2002 4014 2108 4053 non
2132 4008 2214 4055 est
2247 3998 2631 4068 beneplacitum

1074 4091 1198 4159 Deo,
1227 4090 1322 4148 sed
1366 4090 1434 4147 de
1460 4090 1563 4146 tide
1602 4090 1888 4146 electorum
1907 4131 1922 4155 ,
1952 4089 2094 4159 quod
2121 4096 2203 4145 est
2238 4104 2421 4143 verum
2447 4103 2630 4144 semen

1072 4183 1326 4248 Abrabam
1350 4183 1449 4254 ipsi
1470 4182 1792 4252 intelligendi
1819 4189 1943 4236 sunt
1965 4182 2249 4250 petiissent
2269 4180 2472 4235 veniret
2493 4180 2632 4236 unde

1061 4272 1466 4330 amaricantium
1512 4289 1752 4329 murmur
1793 4273 2199 4343 opprimeretur.
2249 4271 2365 4326 Jam
2395 4272 2447 4325 in
2474 4286 2631 4327 versu

1070 4365 1154 4435 qui
1180 4365 1442 4436 sequitur,
1465 4363 1534 4419 Ee
1561 4381 1690 4435 pone
1726 4363 1839 4419 coeli
1862 4364 2104 4417 saturavit
2131 4379 2213 4416 eos
2230 4402 2247 4428 ,
2276 4378 2464 4416 manna
2511 4363 2632 4433 qui-

1070 4456 1184 4512 dem
1209 4473 1315 4512 non
1345 4456 1654 4524 nominavit,
1681 4455 1775 4512 sed
1806 4454 1935 4510 nulli
1977 4455 2363 4508 obscurumest
2386 4452 2475 4524 qui
2516 4453 2633 4510 illas

1072 4547 1267 4603 litteras
1290 4546 1435 4617 legit.

1080 4629 1098 4708 *⁶
1136 4636 1228 4694 52.
1269 4639 1418 4710 [vers.
1438 4638 1497 4692 41
1512 4635 1551 4709 .]
1584 4635 1810 4707 Diri-opit
1840 4646 2029 4705 petram
2049 4676 2063 4700 ‚
2097 4642 2144 4687 et
2167 4635 2420 4703 fluxorunt
2457 4648 2633 4703 oque:

1072 4729 1294 4786 abierunt
1313 4730 1370 4786 in
1404 4732 1534 4785 sicco
1561 4731 1795 4800 fiumina.
1822 4730 1887 4783 Et
1926 4727 2027 4782 boc
2052 4725 2250 4781 sactum
2295 4735 2399 4781 tam
2425 4727 2531 4780 cito
2554 4725 2629 4780 in·

1071 4818 1339 4893 telligitti‘,
1359 4836 1516 4892 quam
1546 4820 1755 4891 legitur.

1137 4912 1230 4970 53.
1267 4911 1437 4987 [een.
1488 4910 1697 4984 tus]
1736 4911 1830 4966 llis
1869 4920 2044 4966 autem
2078 4909 2323 4965 omnibus
2365 4907 2635 4964 beneflciis

1071 5003 1200 5072 suis,
1247 5002 1391 5060 Deus
1430 5003 1767 5059 commendat
1820 5002 1873 5057 in
1900 5001 2168 5056 Abraham
2211 5000 2456 5054 meritum
2487 4998 2632 5054 fidei.

1069 5092 1315 5167 Sequitur
1335 5094 1481 5152 enim
1504 5103 1561 5150 et
1586 5093 1714 5150 dicit
1746 5111 1761 5148 :
1797 5111 1816 5144 ι
1844 5093 2101 5157 Quoniam
2133 5106 2339 5146 memor
2366 5089 2464 5145 l'uit
2488 5089 2635 5146 verbi

1069 5184 1228 5242 noeti
1251 5184 1338 5241 sui
1359 5224 1378 5253 ,
1403 5184 1545 5256 quod
1573 5185 1753 5241 habuit
1796 5183 1861 5239 ad
1888 5182 2150 5238 Abrabam
2194 5197 2411 5253 puerum
2456 5196 2631 5237 suum.

1070 5274 1133 5331 t-:t
1157 5275 1348 5334 eduxit
1369 5275 1624 5346 populum
1652 5290 1803 5332 suum
1842 5275 1894 5329 in
1935 5273 2313 5339 exsultatione,
2341 5282 2396 5328 et
2435 5272 2635 5327 electos

1068 5380 1185 5425 tuo·
1207 5367 1264 5425 ἰὴ
1292 5367 1496 5424 taetitia.
1532 5386 1552 5420 ι
1582 5366 1730 5434 Quod
1760 5360 2131 5435 :iitjpoputum
2154 5380 2328 5429 suum,
2357 5363 2456 5418 boc
2476 5376 2635 5432 repe·

1068 5460 1212 5530 tivit,
1257 5459 1444 5516 electos
1466 5476 1583 5516 suos
1611 5469 1705 5515 :et
1736 5458 1877 5529 quod
1902 5459 1995 5523 ait,
2036 5459 2089 5511 in
2128 5455 2491 5520 exsultatione,
2533 5455 2635 5511 boc

1067 5551 1325 5621 repetivit,
1367 5551 1425 5606 in
1450 5551 1642 5606 laetitio.
1668 5548 1737 5603 Et
1760 5549 1898 5621 dedit
1923 5549 2026 5604 illis
2063 5549 2286 5618 reqiones
2309 5548 2558 5618 gentium,
2588 5555 2635 5599 et

1067 5638 1603 5714 &sempev-lorum
1650 5639 1990 5712 possederunt.
2031 5637 2183 5706 Quod
2222 5648 2378 5703 sunt,
2409 5638 2634 5708 reqiones

1057 5731 1315 5811 gentium
1360 5732 1464 5790 hot:
1495 5741 1653 5796 sunt,
1685 5732 1878 5787 labores
1906 5731 2208 5802 populorum
2234 5747 2254 5785 .·
2283 5737 2338 5785 et
2378 5729 2517 5800 quod
2546 5728 2633 5784 di-

1064 5834 1204 5881 etum
1245 5832 1364 5892 est,
1405 5825 1544 5881 dedit
1583 5824 1716 5894 iuis,
1757 5825 1859 5880 boe
1898 5824 2182 5895 repetitum
2230 5832 2346 5892 est,
2397 5823 2632 5893 possede-

1062 5931 1222 5973 runt.-

1016 6077 1020 6080 .
1127 6009 1222 6064 54.
1251 6005 1415 6080 [vers.
1436 6006 1562 6081 δᾶ]
1599 6007 1667 6064 Et
1690 6015 1938 6078 tanquam
1969 6021 2327 6078 quaereremus
2370 6007 2456 6063 cui
2493 6006 2632 6062 bono

1126 6136 1150 6194 ⁸¹
1172 6168 1293 6222 vox,
1322 6160 1493 6222 cludis,
1510 6162 1651 6212 abest
1663 6174 1690 6211 a
1708 6168 1815 6214 ttae.

1125 6225 1148 6257 2
1170 6222 1306 6287 rainl..
1336 6222 1574 6276 Petierunt
1591 6237 1776 6277 cornea.
1806 6232 1923 6287 vex,
1946 6236 2130 6287 carnes,
2159 6224 2298 6275 abest
2320 6237 2348 6274 a
2368 6230 2474 6276 uss.

2743 1991 2939 2047 bouum
2965 2002 3220 2048 :eternum
3245 1995 3410 2065 possit
3440 1999 3657 2068 acquiri,
3682 1997 3785 2054 boe
3804 2010 3904 2065 est,
3931 2000 3998 2055 Ut
4023 2002 4309 2059 custodiant

2731 2083 3119 2153 jatatificationes
3159 2088 3287 2158 ejus,
3328 2098 3375 2142 et
3406 2089 3562 2161 legem
3590 2092 3709 2162 ejus.
3735 2087 4007 2163 requirunt.
4036 2095 4308 2166 Denique,

2741 2175 2988 2243 quoniam
3015 2191 3194 2233 semen
3223 2179 3449 2233 Abrabae
3478 2181 3608 2236 tales
3634 2182 3720 2237 liic
3749 2185 3960 2254 intelligi
3991 2186 4186 2255 voluit,
4213 2188 4308 2259 qui

2739 2280 2866 2320 vere
2884 2276 3062 2321 essent
3087 2282 3267 2324 semen
3303 2269 3559 2336 Abrahae,
3586 2273 3767 2342 quales
3794 2274 3970 2344 utique
4004 2292 4103 2330 nec
4132 2277 4184 2331 in
4215 2278 4310 2334 illo

2740 2357 2934 2428 pupulo
2956 2350 3239 2415 defuer'unt
3271 2378 3284 2414 ε
3312 2361 3453 2432 quod
3479 2363 3636 2418 etiam
3666 2365 3934 2434 apostolus
3960 2366 4152 2423 Paulus
4180 2369 4310 2425 satis

2739 2449 2996 2516 ostendit,
3016 2467 3136 2505 eum
3165 2452 3325 2518 dicit,
3355 2454 3461 2509 Sed
3485 2472 3584 2509 non
3612 2457 3662 2509 in
3693 2458 3917 2511 omnibus
3946 2459 4047 2515 illis
4076 2461 4310 2531 benepla-

2739 2540 2892 2593 citum
2936 2551 3012 2595 est
3054 2540 3162 2596 Deo
3201 2543 3241 2613 (l
3270 2543 3388 2600 Cor.
3415 2561 3470 2612 x,
3497 2546 3552 2616 5)
3575 2563 3589 2611 ;
3617 2547 3661 2601 si
3690 2548 3830 2602 enim
3858 2565 3957 2602 non
3981 2550 4032 2602 in
4056 2550 4305 2616 omnibns,

2737 2628 2974 2699 profecto
3010 2629 3230 2687 [uerunt
3258 2633 3328 2688 ibi
3366 2634 3578 2704 quidam
3611 2637 3663 2690 in
3710 2638 3900 2706 quibus
3942 2638 4305 2711 beneplacitum

2737 2730 2809 2774 est
2839 2721 2942 2775 Deo
2964 2741 2986 2781 .·
3019 2722 3141 2791 quia
3174 2738 3300 2793 ergo
3348 2725 3480 2779 tales
3527 2726 3761 2794 psalmus
3805 2728 3904 2782 iste
3944 2729 4300 2793 commendat,

2738 2813 2867 2868 nibil
2914 2813 3000 2870 bic
3021 2815 3153 2875 dixit
3196 2815 3265 2871 de
3311 2816 3672 2887 iniquitatibus
3722 2828 3775 2873 et
3820 2819 4202 2876 irritationibus
4248 2830 4306 2876 et

2735 2906 3108 2963 amaricatione
3150 2922 3331 2962 eorum
3373 2909 3426 2963 in
3451 2909 3638 2978 quibus
3665 2926 3768 2965 non
3795 2919 3877 2966 cst
3916 2913 4300 2983 beneplacitum

2737 2998 2865 3053 Deo.
2887 2998 2990 3054 Sed
3010 3000 3131 3070 quia
3154 3009 3208 3055 et
3232 3000 3423 3071 iniquis
3442 3016 3547 3055 non
3565 3002 3675 3055 sola
3693 3002 3914 3071 iustitia,
3934 3019 4112 3073 verum
4142 3006 4304 3061 etiam

2734 3089 3092 3145 misericordia
3125 3091 3217 3145 Dei
3246 3092 3623 3161 omnipotentis
3649 3101 3701 3148 et
3727 3093 4001 3149 elementis
4025 3096 4300 3164 apparuit,

2735 3178 2801 3232 de
2826 3178 2928 3232 illis
2969 3194 3194 3250 sequens
3235 3180 3471 3251 loquitur
3503 3182 3734 3252 psalmus
3760 3198 3881 3239 cum
3912 3183 4151 3240 laudibus
4183 3185 4299 3240 Dei.

2735 3270 2803 3324 Et
2830 3279 3005 3326 tamen
3049 3272 3258 3341 utrique
3303 3274 3356 3326 in
3402 3288 3507 3327 uno
3533 3274 3723 3343 populo
3766 3275 4004 3341 suerunt,
4046 3291 4144 3331 nec
4173 3275 4304 3333 istos

2737 3361 2811 3414 illi
2845 3376 3060 3416 suarum
3097 3361 3429 3432 iniquitatum
3455 3365 3768 3433 contagione
3795 3365 4112 3434 polluerunt.
4145 3365 4306 3421 Novit

2734 3455 2873 3508 enim
2900 3452 3147 3509 Dominus
3179 3455 3264 3524 qui
3290 3465 3404 3509 snm
3430 3456 3540 3526 ejus
3563 3472 3582 3510 .·
3610 3466 3664 3511 et
3691 3457 3733 3510 si
3764 3458 3814 3511 in
3844 3459 3942 3512 boc
3975 3459 4167 3513 saeculo
4194 3475 4300 3514 uon

2735 3553 2912 3614 potest
2935 3545 3001 3599 ab
3024 3544 3253 3613 injustiS,
3275 3545 3473 3599 recedat
3496 3548 3558 3600 ab
3577 3548 3824 3618 injustitia
3850 3550 4010 3603 omnis
4034 3549 4118 3619 qui
4141 3551 4305 3605 nomi-

2732 3645 2818 3692 nat
2844 3653 3022 3691 nomen
3047 3635 3252 3691 Domini
3277 3637 3353 3707 (tt
3378 3637 3508 3692 Tim.
3538 3654 3595 3705 ιι,
3625 3637 3736 3711 19).

2802 3728 2890 3782 55.
2919 3725 2989 3782 Ut
3009 3741 3136 3798 ergo
3163 3737 3409 3798 tanquam
3436 3729 3489 3782 in
3516 3743 3740 3798 corpore
3766 3729 3954 3799 psalmi
3985 3730 4304 3809 liujus-velut

2730 3818 2982 3875 latentem
3011 3818 3402 3889 quodammodo
3441 3820 3559 3889 eius
3590 3821 3820 3875 animam
3844 3821 4300 3886 commendemus,

2733 3909 2834 3964 boc
2857 3916 2958 3970 est.
2983 3908 3036 3963 in
3062 3909 3236 3964 verbis
3262 3910 3409 3980 quasi
3435 3910 3786 3966 exterioribus
3818 3911 4121 3967 interiorem
4148 3911 4302 3967 intei-

2734 3999 2955 4062 lectum‚
3001 3998 3210 4055 videtur
3237 4000 3365 4055 mibi
3405 4001 3678 4055 admoneri
3715 4017 3898 4056 semen
3923 4002 4184 4068 Abi-anm,
4212 4003 4301 4074 qui

2733 4097 2860 4143 sunt
2888 4104 3076 4145 omnes
3102 4090 3195 4144 filii
3222 4091 3589 4160 promissionis
3614 4092 3935 4160 pertinentes
3957 4092 4023 4147 ad
4046 4100 4300 4149 aeternam

2731 4179 3093 4234 lioereditatem
3146 4182 3442 4235 testamenti
3491 4180 3677 4234 aeterni
3696 4220 3711 4244 ,
3745 4190 3803 4235 ut
3843 4189 4088 4252 tanquam
4133 4183 4300 4252 ipsam

2732 4267 3099 4324 haereditatem
3127 4267 3224 4324 sibi
3251 4270 3447 4339 eligant
3472 4270 3660 4336 Deum,
3689 4278 3743 4324 et
3765 4286 3885 4325 euni
3912 4273 4075 4341 gratis
4100 4271 4298 4340 colant,

2733 4359 2785 4414 id
2812 4368 2925 4425 est,
2962 4368 3179 4432 propter
3221 4362 3429 4429 ipsum,
3461 4376 3565 4415 non
3609 4372 3827 4430 propter
3852 4362 4062 4432 aliquod
4091 4363 4302 4418 emolu·

2733 4461 2968 4508 mentum
3018 4451 3280 4507 mercedis
3311 4460 3459 4506 extra
3502 4452 3673 4522 ipsum
3699 4468 3714 4518 ;
3745 4462 3799 4506 et
3824 4453 3923 4508 boc
3953 4453 4156 4507 faciant
4183 4453 4300 4508 lau-

2733 4543 2921 4599 dantes
2940 4585 2954 4611 ,
2982 4544 3322 4609 invocantes,
3350 4544 3724 4598 annuntiantes
3744 4584 3759 4608 ,
3786 4558 3884 4599 nec
3908 4544 3959 4598 in
3990 4559 4176 4611 suam,
4207 4545 4301 4600 sed

2734 4634 2787 4687 in
2814 4633 2930 4702 ejus
2953 4633 3174 4702 gloriam
3205 4647 3300 4702 per
3340 4631 3497 4686 sidem
3528 4632 3664 4688 bene
3703 4642 3985 4702 operantes
4006 4673 4024 4700 ,
4054 4648 4148 4702 spe
4170 4648 4301 4706 gau-

2733 4721 2948 4788 dentes,
2981 4723 3239 4777 charitate
3281 4721 3551 4778 serventcs
3576 4721 3750 4794 (Rom.
3778 4739 3884 4790 ιιι,
3911 4724 3968 4778 Η
3994 4764 4009 4788 ,
4038 4723 4156 4795 12).
4192 4723 4305 4781 lloc

2735 4819 2902 4865 totum
2928 4817 3083 4864 sonat
3122 4809 3203 4864 bis
3226 4811 3505 4866 versibus:
3546 4829 3565 4862 ι
3596 4810 3933 4865 confitemini
3962 4812 4186 4866 Domino
4204 4851 4222 4879 ‚
4246 4820 4302 4867 et

2734 4903 2977 4959 invocate
3010 4916 3202 4959 nomen
3248 4902 3402 4972 ejus,
3445 4903 3752 4958 annuntiate
3777 4903 3829 4957 in
3868 4903 4115 4973 gentibus
4141 4918 4302 4974 opera

2734 4999 2871 5065 ejus.
2899 4994 3119 5051 Cantate
3149 4995 3229 5057 ei,
3261 5004 3317 5050 et
3342 4994 3551 5065 psallite
3577 4994 3624 5050 ei
3648 5034 3663 5060 ,
3692 5003 3904 5048 narrate
3928 4997 4103 5049 omnia
4139 4993 4303 5048 mira-

2689 5115 2695 5122 ·
2733 5088 2861 5144 bilia
2887 5088 3020 5158 eius.
3053 5087 3368 5143 Laudamini
3392 5087 3449 5141 in
3473 5087 3688 5142 nomine
3709 5094 3894 5141 sancto
3922 5085 4070 5156 ejus3
4097 5086 4306 5141 laetetur

2735 5194 2830 5235 cor
2874 5181 3224 5252 quaerentium
3272 5179 3576 5233 Dominum.
3620 5176 3851 5242 Quaerite
3897 5176 4175 5231 Dominum
4195 5217 4212 5245 ,
4250 5184 4306 5233 et

2734 5269 3118 5326 confirmamini
3142 5286 3156 5333 ;
3197 5268 3418 5338 quaerite
3440 5267 3628 5322 faeiem
3654 5267 3771 5336 eius
3797 5255 4086 5338 semper.'»

2805 5361 2894 5416 56.
2944 5359 3140 5415 Deinde
3181 5358 3248 5413 ad
3293 5357 3633 5429 parvulorum
3681 5358 3842 5413 corda
3887 5358 4160 5414 nutrienda
4181 5398 4198 5426 ,
4245 5367 4306 5414 ut

2734 5452 3053 5507 roborentur
3076 5451 3129 5504 in
3158 5448 3279 5514 tide,
3302 5448 3370 5505 de
3391 5447 3711 5505 Patriarchis
3734 5457 4102 5520 proponuntur
4125 5462 4305 5503 exeni-

2734 5545 2819 5615 pla
2847 5554 2898 5599 et
2925 5543 3132 5599 illorum
3159 5541 3280 5596 tidei
3309 5549 3366 5598 et
3393 5541 3760 5612 promissionis
3785 5542 3875 5596 Dei
3898 5541 3938 5607 ²,
3966 5549 4023 5594 ut
4047 5539 4303 5594 imitando

2732 5644 2788 5691 et
2809 5633 3076 5705 sperando
3101 5633 3267 5690 simus
3291 5648 3471 5690 semen
3499 5634 3708 5689 illorum
3729 5674 3744 5700 ,
3775 5647 3881 5688 non
3911 5632 3979 5686 de
4008 5630 4118 5685 sola
4147 5638 4306 5699 gente
4398 5664 4412 5678 ·

2733 5727 3073 5783 llebraeorum
3096 5767 3114 5790 ,
3143 5725 3237 5782 sed
3275 5734 3533 5797 quotquot
3573 5726 3726 5781 istam
3756 5724 3975 5794 gratiam
4014 5723 4308 5794 suscipiunt

2735 5821 2787 5876 iu
2813 5821 2956 5876 omni
2989 5828 3152 5874 terra.
3197 5818 3350 5886 Quod
3379 5827 3544 5875 totum
3574 5818 3657 5874 his
3683 5816 3926 5872 versibus
3952 5802 4256 5871 continetur
4286 5829 4303 5870 :

2743 5911 3112 5967 «Mementote
3157 5908 3476 5965 mirabilium
3525 5910 3641 5978 ejus
3684 5923 3804 5979 qum
3852 5906 4009 5972 fecit,
4067 5906 4300 5978 prodigia

2734 6000 2848 6071 ejus
2871 6011 2926 6056 et
2946 5999 3139 6070 judicia
3166 6000 3274 6056 oris
3299 6001 3431 6069 eius.
3475 5999 3667 6054 Semen
3698 5996 3966 6052 Abrabam
3995 5997 4136 6053 serv-i
4164 5997 4299 6068 ejus,

2799 6161 2814 6191 ²
2837 6158 3060 6272 rleggue
3083 6164 3208 6218 uss,
3235 6159 3555 6220 propommtnr
3573 6158 3619 6205 et
3639 6151 3834 6206 illorum
3865 6149 3990 6218 fides
4019 6157 4067 6204 et
4101 6145 4304 6216 pranis·

2735 6234 2886 6274 noete-5
3007 6256 3020 6270 .
