5400 7059
501 730 634 789 {lb-'a'

1077 723 1271 782 territando
1290 723 1321 778 tt
1342 723 1499 783 estuabat
1519 730 1606 786 Ci'lli.

2076 739 2142 791 tint

501 849 592 906 ries
614 843 791 918 propinquum
814 843 900 899 malis.
927 843 990 898 liae
1011 842 1037 897 in
1057 841 1198 911 seripturis
1220 838 1318 894 sanetis
1373 846 2145 920 cartennmorprasertimresurrecturam,serierrdnpor-

500 943 645 1006 oportet
654 934 800 990 attendere.
816 932 913 989 ileddit
926 933 993 988 botta
1008 948 1056 1003 pro
1069 933 1145 987 malis
1156 932 1212 1001 ipse
1228 929 1317 984 Domi-

1336 950 1339 956 ·
1371 945 1500 989 ettteruul.

501 1038 593 1091 nna,
609 1024 786 1097 pejurarent
807 1024 911 1093 impium
925 1023 1018 1097 (lione
1034 1039 1059 1077 ιιι
1071 1064 1079 1087 ,
1091 1023 1108 1078 5
1118 1025 1138 1093 ),
1153 1033 1179 1078 et
1202 1023 1317 1092 mudena
1403 1025 1430 1081 5.
1444 1026 1495 1081 Sed
1509 1043 1567 1080 cum
1582 1025 1700 1091 dixisset,
1722 1025 1773 1080 Pro
1794 1045 1822 1082 eo
1844 1040 1870 1082 ut
1887 1029 2016 1100 diliqcrent
2029 1048 2077 1096 me,
2097 1032 2143 1085 dt·

504 1116 554 1173 in
566 1129 655 1171 eruce
669 1114 734 1169 dixit
747 1131 754 1166 ι
769 1111 854 1179 Peter,
868 1114 967 1182 ienecce
976 1111 1037 1178 iilis,
1048 1113 1106 1182 quio
1120 1113 1234 1166 nesciunt
1253 1111 1314 1182 qnid

511 1202 634 1282 faciunt
649 1204 733 1276 (Luc.
744 1220 819 1269 xxtrt,
830 1202 892 1277 bl).
912 1203 993 1273 Cujus
1012 1203 1121 1274 uestigia
1140 1212 1244 1257 secutus
1256 1217 1316 1257 san·

508 1308 589 1356 ctus
611 1292 781 1368 Stephanus,
805 1295 857 1351 lrre
878 1310 947 1366 genu
961 1294 1045 1350 orarit
1060 1309 1107 1363 pro
1127 1291 1314 1364 lapidantibus,

511 1389 628 1445 dieens
642 1407 650 1445 :
664 1387 780 1455 demine,
793 1403 825 1441 ne
835 1395 931 1441 statum
943 1384 1048 1439 iilitboc
1060 1383 1177 1438 delictum
1188 1382 1254 1454 (Aet.
1266 1396 1314 1448 ru,

511 1479 596 1551 59).
614 1479 655 1536 bd
670 1495 749 1552 (ιιιιιιιι
761 1494 816 1534 rem
834 1487 992 1549 preceptum
1009 1475 1131 1547 pertinet,
1148 1473 1315 1546 1111191ιείιί-

512 1572 611 1627 necor
630 1579 723 1626 ratres
734 1611 742 1636 ,
755 1569 890 1641 benefacite
911 1568 950 1622 bir
963 1567 1006 1638 qui
1017 1566 1121 1620 oderunt
1140 1580 1192 1631 ees,
1206 1574 1230 1619 et
1247 1573 1316 1620 orote

514 1678 573 1735 pre
595 1662 635 1717 eir
645 1662 689 1732 qui
699 1676 742 1716 eor
754 1649 935 1732 &requenter
950 1656 1054 1729 (blettlr.
1066 1672 1094 1724 r,
1107 1657 1172 1725 11).
1188 1655 1254 1710 blala
1267 1669 1315 1726 pre

515 1752 611 1808 suabe
623 1766 676 1808 rou
689 1766 749 1807 csse
759 1749 891 1807 reddenda
901 1749 998 1804 Paulrn
1008 1747 1141 1818 apostolus
1152 1746 1224 1811 dicit,
1240 1743 1315 1799 Nulli

514 1845 628 1899 men
642 1859 689 1913 pre
701 1842 768 1897 mule
777 1841 908 1896 reddentes
924 1839 1011 1909 (Rem.
1025 1853 1072 1904 ιιι,
1089 1838 1120 1891 17
1131 1835 1158 1908 );
1172 1845 1199 1890 et
1209 1845 1315 1907 aposto·

514 1935 567 1990 lus
580 1933 690 1999 Petrae,
705 1931 765 1987 Non
778 1930 906 1986 reddentes
918 1929 1012 1984 erolum
1026 1944 1071 1999 pro
1083 1927 1170 1994 mele,
1185 1926 1224 1980 nel
1236 1927 1314 1982 mole-

517 2025 626 2079 diettun
640 2022 826 2095 promeledirto
840 2020 861 2093 (i
876 2018 948 2075 Petr.
961 2034 1003 2082 ut,
1016 2019 1046 2089 9)
1059 2037 1065 2073 :
1077 2017 1147 2074 unde
1159 2026 1187 2071 et
1199 2018 1225 2071 in
1238 2016 1313 2071 rsu-

516 2115 579 2173 rnis
591 2115 700 2187 legitur,
712 2115 744 2171 Si
756 2114 855 2169 reddidi
862 2112 1054 2169 retribuentibus
1066 2111 1127 2164 mibi
1140 2110 1207 2164 ntnlu
1220 2107 1310 2178 (Paul.

518 2224 576 2273 var,
592 2208 642 2278 5).
659 2208 776 2262 beorum
789 2215 982 2278 postremorum
996 2203 1060 2259 illud
1072 2203 1161 2258 mitius
1172 2202 1205 2258 ad
1216 2216 1311 2257 norem

518 2298 651 2373 leprosos
663 2298 790 2370 pertinet,
807 2297 922 2368 quicum
935 2295 1050 2351 urundati
1063 2302 1175 2349 esseuta
1189 2292 1311 2360 bomino,

519 2380 631 2462 gratias
645 2405 699 2445 nou
713 2399 823 2461 egerunt
838 2387 920 2459 (Late.
937 2404 1000 2455 reu,
1013 2387 1056 2451 11,
1074 2386 1127 2459 18)
1142 2404 1149 2441 :
1168 2385 1229 2440 illud
1248 2400 1312 2441 uero

520 2481 653 2538 ultimum
663 2496 716 2552 quo
726 2480 790 2536 nibil
804 2489 844 2536 est
858 2480 942 2551 pejus,
957 2479 989 2534 ad
1005 2478 1054 2534 llos
1069 2479 1192 2548 pertinet,
1206 2476 1240 2532 de
1252 2476 1311 2546 qui·

518 2572 577 2629 bns
590 2572 619 2628 iu
642 2572 695 2629 isto
714 2571 815 2643 psalmo
836 2571 939 2642 legitur.
956 2568 1009 2627 Pro
1027 2587 1056 2627 eo
1070 2558 1238 2641 ntdiliqerent
1260 2585 1309 2637 me,

519 2648 694 2725 deirniebant
708 2667 781 2722 milri.
793 2666 967 2722 bileetiouem
978 2663 1073 2735 quippe
1085 2662 1217 2718 debebant
1230 2661 1311 2718 tantis

518 2757 633 2816 neurim
646 2757 799 2822 beuelieiis;
813 2772 891 2829 quam
911 2771 963 2811 uon
987 2755 1072 2810 solum
1093 2753 1200 2809 minime
1214 2753 1311 2808 redde-

518 2848 603 2918 bant,
616 2864 709 2905 rerum
723 2849 803 2904 etiam
824 2861 872 2918 pro
886 2846 931 2901 illo
947 2847 1017 2902 bono
1030 2846 1180 2916 irrogabant
1200 2843 1307 2898 malum.

519 2940 587 2997 nun
598 2955 663 2996 rere
670 2940 756 2995 media
768 2955 827 3010 quae
837 2939 951 2994 diximus
962 2937 1096 2993 bominum
1105 2927 1220 3007 quodam
1230 2934 1309 2990 modo

519 3049 588 3092 esse
602 3034 758 3100 mediorum,
773 3032 808 3087 ita
818 3048 848 3088 se
862 3031 968 3097 babent,
986 3040 1117 3086 uteorum
1130 3029 1203 3100 prins
1215 3072 1222 3095 ,
1238 3027 1308 3099 quod

518 3138 567 3184 est
580 3126 691 3183 reddere
703 3125 771 3182 bona
784 3140 832 3197 pro
849 3125 935 3191 bonis,
953 3123 1065 3179 babeant
1079 3135 1105 3179 ct
1119 3124 1196 3188 boni,
1212 3132 1240 3178 et
1252 3138 1308 3178 ule·

519 3217 653 3274 discriter
675 3217 748 3284 beni,
774 3218 815 3272 vel
836 3216 1004 3272 mediocriter
1018 3217 1088 3270 mali.
1105 3216 1166 3272 ideo
1182 3215 1308 3270 Dominus

520 3309 578 3366 bne
597 3325 650 3366 noa
665 3309 851 3380 reprehendit,
875 3309 922 3364 sed
937 3326 989 3364 non
1005 3309 1059 3363 rult
1071 3309 1096 3363 in
1112 3324 1144 3363 eo
1156 3308 1213 3363 solo
1225 3306 1307 3363 disci·

521 3399 604 3470 pulos
625 3414 690 3454 suos
709 3414 876 3469 perenancre,
899 3414 965 3468 quos
984 3397 1041 3452 ruit
1063 3397 1095 3452 ad
1121 3394 1219 3467 urajora
1243 3411 1306 3466 pro·

521 3489 633 3555 vehere,
657 3488 753 3560 quibus
766 3489 849 3543 dicit:
866 3489 896 3543 Si
917 3488 1052 3542 dilexeritis
1069 3504 1112 3542 eor
1123 3488 1167 3557 qni
1186 3503 1228 3541 eoa
1250 3487 1308 3540 dili·

521 3591 598 3654 ptnt,
613 3582 641 3638 id
663 3591 714 3646 est,
735 3582 757 3636 si
780 3580 944 3637 reddideritis
962 3580 1030 3636 borna
1050 3596 1097 3651 pro
1113 3581 1207 3647 bonis;
1233 3598 1307 3651 qrrnm

424 3720 426 3724 .
522 3674 666 3730 mecedem
690 3672 820 3737 babebitis,
841 3671 865 3728 id
887 3682 937 3740 est,
958 3674 1019 3743 quid
1042 3689 1164 3744 ntagnum
1190 3673 1307 3727 iacietis?

524 3781 607 3820 nonne
624 3774 648 3820 et
661 3764 788 3834 publicani
806 3764 852 3817 iter
875 3764 968 3834 sacient
983 3762 1087 3835 (blattis.
1111 3779 1139 3820 u.
1155 3762 1228 3832 llil?
1242 3761 1306 3816 tote

523 3865 613 3910 autem
630 3855 689 3911 illos
700 3863 727 3910 et
748 3855 796 3910 boe
809 3853 910 3917 lacere,
926 3864 952 3909 et
973 3855 1050 3925 longe
1064 3853 1193 3923 amplius;
1209 3852 1235 3908 id
1255 3862 1305 3918 est,

437 3998 445 4009 ,
526 3954 555 4000 ut
565 3962 618 4001 unu
632 3945 718 4002 serlum
731 3947 840 4019 arrtieos,
856 3962 946 4000 rerum
960 3945 1039 4000 etiam
1053 3946 1172 4000 inimicos
1185 3944 1305 4015 diligant.

525 4036 661 4092 Posterius
672 4047 777 4103 autern,
797 4037 867 4106 quod
882 4046 922 4090 cst
943 4036 1054 4091 reddere
1068 4036 1134 4091 roala
1151 4053 1198 4107 pro
1213 4036 1306 4103 malis,

527 4125 640 4183 babeant
651 4136 680 4183 et
693 4127 766 4193 nrali,
780 4134 807 4181 ct
819 4125 987 4181 mediocriter
999 4127 1070 4191 roali,
1084 4128 1125 4182 rel
1141 4126 1308 4183 mediocriter

527 4219 606 4286 boui;
623 4235 707 4289 usque
721 4220 789 4287 adeo
802 4229 830 4273 ut
850 4219 902 4275 Lex
918 4220 957 4275 eis
970 4219 1072 4275 dederit
1093 4220 1235 4275 uleiseeodi
1250 4235 1307 4275 nro-

527 4311 600 4380 dem,
610 4311 722 4366 'venium
736 4329 781 4382 pre
791 4311 872 4377 oculo,
889 4311 984 4366 dentem
993 4329 1037 4383 pro
1050 4313 1123 4365 dente
1137 4311 1148 4382 (
1155 4311 1228 4368 [lent.
1243 4329 1306 4380 xlx,

527 4403 576 4475 11)
591 4423 598 4459 :
611 4419 682 4475 quae,
696 4404 718 4458 si
732 4403 784 4461 diei
795 4413 889 4474 potest,
905 4403 1059 4474 injustorum
1070 4403 1170 4474 justitia
1183 4414 1232 4460 est.
1251 4404 1308 4459 Nou

527 4494 586 4562 quia
599 4493 718 4562 iniquum
727 4502 767 4549 est
776 4502 803 4548 ut
813 4493 1108 4564 recipiatuousquisque
1117 4494 1186 4564 quod
1199 4494 1307 4561 lecerit;

528 4585 625 4655 alioqui
635 4585 691 4641 Lex
705 4601 870 4655 nequaquam
891 4586 917 4641 id
930 4586 1122 4642 constitueret:
1135 4586 1181 4641 sed
1193 4587 1253 4657 qnia
1268 4587 1310 4641 ul-

528 4677 643 4733 ciscendi
657 4676 739 4733 libido
752 4678 846 4732 uitiosa
859 4687 910 4744 est,
927 4677 1063 4748 magisque
1076 4675 1108 4731 ad
1122 4676 1237 4747 iudicem
1251 4693 1309 4747 per·

530 4766 597 4822 tinet
615 4769 682 4823 luter
695 4767 761 4822 alios
773 4767 824 4823 boe
836 4767 991 4833 decernere,
1013 4781 1091 4838 quam
1112 4767 1208 4823 benum
1222 4767 1308 4823 bomi-

531 4872 593 4911 nem
603 4857 652 4912 sibi
664 4865 798 4928 expetere.
813 4857 981 4930 Quapropter
994 4858 1067 4929 impii
1081 4874 1113 4914 ex
1129 4859 1172 4913 illa
1187 4859 1308 4931 berrigni-

533 4950 593 5003 tntis
605 4951 757 5006 summitate
770 4951 881 5021 delapsi,
898 4951 942 5006 urbi
953 4951 1097 5007 redduntur
1110 4953 1178 5007 brana
1191 4968 1238 5023 pro
1251 4969 1309 5008 ma·

532 5038 575 5106 lis,
589 5038 622 5095 ad
634 5049 759 5112 quautam
769 5041 939 5112 malignitatis
952 5042 1155 5111 prolanditatem
1169 5053 1308 5108 venerunt,

531 5130 699 5187 retribuendo
718 5132 785 5187 mala
805 5147 853 5204 pre
876 5132 969 5188 botris!
991 5143 1089 5204 quanto
1108 5135 1252 5205 praecipitio
1273 5142 1311 5191 tot

531 5221 625 5290 gnum
637 5223 809 5293 interpositos
823 5225 1002 5279 transierunt!
1018 5223 1072 5280 Nec
1090 5240 1199 5295 parumn
1212 5225 1309 5297 aliquid

532 5311 614 5380 putari
628 5310 718 5378 debet,
730 5312 789 5382 qnia
802 5328 853 5367 uon
870 5313 916 5379 ait,
940 5312 992 5369 Pro
1006 5328 1038 5369 eo
1054 5321 1083 5369 ut
1099 5314 1238 5385 diligerent
1256 5330 1309 5379 me,

532 5401 777 5458 iuterlleiebauture
787 5421 794 5469 3
805 5403 862 5469 see,
873 5403 1037 5459 detrahebant
1047 5404 1109 5458 milri
1123 5421 1131 5458 .·
1145 5404 1206 5459 ideo
1215 5406 1311 5474 quippe

532 5493 726 5562 iuterfecerunt,
743 5496 802 5566 quia
813 5495 995 5563 detraxerunt,
1004 5507 1130 5568 negantes
1141 5496 1187 5552 [lei
1202 5497 1309 5565 Filium,

531 5594 557 5641 et
566 5586 687 5643 dieentes
698 5587 768 5658 quod
784 5589 810 5643 in
820 5590 932 5661 principe
944 5589 1123 5645 demoniorum
1141 5590 1207 5660 ejicit
1219 5590 1312 5644 dente·

532 5676 571 5730 nio
584 5676 595 5747 (
606 5676 671 5733 Luc.
687 5695 724 5745 rt,
738 5678 789 5752 15)
803 5697 811 5743 ς
825 5689 862 5746 ιι,
884 5679 1042 5735 Doerneninm
1055 5682 1128 5736 leniet
1141 5723 1148 5746 ,
1162 5692 1186 5736 et
1198 5683 1312 5746 intraret:

531 5768 589 5839 quid
599 5787 656 5825 enm
668 5772 761 5826 orditir
780 5771 876 5843 (loen.
893 5789 922 5838 x,
936 5772 990 5845 10)
1002 5774 1013 5827 i
1026 5782 1054 5829 et
1065 5784 1160 5829 caetera
1172 5775 1242 5830 talia.
1256 5774 1310 5843 Qua

532 5856 693 5916 detractione
706 5861 740 5917 ab
754 5861 800 5917 iilo
811 5863 965 5918 avertebant
976 5879 1023 5918 eos
1035 5878 1147 5933 quorum
1159 5865 1309 5919 conversio-

532 5964 589 6006 nem
602 5951 649 6007 llle
661 5953 795 6022 quaerebat
811 5970 818 6008 ι
832 5963 859 6009 et
868 5954 926 6010 ideo
936 5955 1022 6026 potins
1033 5953 1084 6009 boc
1096 5955 1172 6021 dixit,
1185 5966 1212 6010 ut
1225 5964 1307 6009 osten

532 6041 605 6098 deret
617 6044 702 6114 magis
713 6059 760 6100 cos
770 6060 866 6100 nocere
879 6045 923 6117 qui
938 6046 1044 6100 Cirristo
1058 6044 1211 6112 detrabunt,
1227 6056 1254 6102 et
1267 6061 1315 6116 per

533 6129 582 6190 boe
605 6134 708 6190 animas
731 6135 901 6205 iuterlieiunt,
929 6152 1007 6208 quam
1029 6137 1073 6208 qui
1095 6137 1153 6208 ejus
1176 6138 1311 6194 mortalem

1370 1115 1498 1170 trabebant
1512 1118 1594 1181 rnilti,·
1614 1117 1675 1186 quid
1696 1119 1753 1172 ait?
1767 1117 1823 1187 Epo
1844 1131 1926 1174 entem
1951 1125 2061 1174 erubunt.
2087 1123 2143 1178 Neu

1368 1206 1473 1274 quidem
1486 1207 1553 1261 etsie
1565 1208 1626 1277 quid
1647 1208 1755 1270 orabat;
1768 1209 1813 1264 sed
1829 1211 1890 1280 qnid
1903 1211 1997 1265 melius
2019 1213 2117 1282 intellig
2128 1232 2141 1244 ·

1368 1312 1436 1359 rrius,
1452 1312 1529 1366 quatu
1540 1314 1587 1367 pro
1601 1298 1640 1352 eis
1655 1298 1736 1368 ipsis?
1746 1300 1874 1354 Crueitixo
1888 1301 1957 1354 eninr
1969 1302 2083 1356 maxime
2092 1303 2142 1356 de·

1368 1390 1515 1455 trabebant,
1526 1390 1707 1460 quardnueiut
1716 1391 1824 1456 heulini,
1836 1407 1914 1462 quem
1925 1393 1999 1463 quasi
2012 1396 2139 1458 vicerant.

1367 1481 1526 1548 illudebaut;
1540 1482 1574 1537 de
1591 1498 1642 1552 qua
1664 1498 1743 1538 cruce
1765 1484 1809 1539 ille
1825 1484 1907 1549 dixit,
1931 1483 2025 1552 Peter,
2039 1487 2139 1557 iqrroeee

1365 1571 1427 1633 illis,
1439 1571 1498 1642 qnia
1510 1574 1622 1626 aresciunt
1635 1573 1697 1642 qnid
1710 1575 1806 1643 [recinat
1825 1589 1835 1628 .·
1855 1576 2014 1643 utquoniaul
2037 1576 2063 1630 in
2078 1590 2140 1646 pre·

1366 1665 1446 1722 lurido
1460 1669 1626 1739 indignitatis
1642 1670 1783 1726 reddebant
1795 1671 1844 1742 ipsi
1860 1673 1926 1727 rnala
1941 1688 1987 1743 pro
2000 1674 2084 1740 bouis,
2098 1675 2142 1733 ille

1367 1763 1392 1816 in
1419 1775 1523 1817 summo
1550 1760 1717 1833 benignitatis
1743 1764 1864 1819 redderet
1887 1765 1954 1820 bona
1983 1781 2029 1836 pro
2055 1769 2141 1823 ruralis.

1365 1852 1519 1923 Quanquam
1536 1851 1604 1908 bene
1618 1853 1776 1924 intelligatur
1788 1857 1866 1910 etiam
1884 1872 1929 1926 pro
1943 1857 2076 1927 di>cipulis
2088 1859 2141 1914 suis

1364 1956 1464 2009 orasse,
1478 1942 1633 2013 quodetiam
1644 1954 1704 1999 ante
1717 1944 1864 2025 passionem
1876 1962 1949 2002 suam
1961 1947 2036 2013 dixit,
2049 1964 2082 2002 ne
2094 1948 2141 2003 ele·
2155 1938 2161 1945 ’

1364 2033 1454 2091 luceret
1468 2034 1533 2091 tides
1544 2050 1635 2091 eorum
1646 2035 1721 2108 (bne.
1736 2053 1800 2103 rau,
1815 2039 1860 2109 51)
1871 2081 1879 2106 ,
1892 2040 1996 2109 quando
2006 2041 2062 2109 ipsc
2074 2055 2139 2109 pcn-

1363 2125 1429 2180 dens
1454 2126 1479 2181 in
1506 2127 1597 2197 ligne,
1621 2136 1650 2182 ut
1676 2129 1871 2185 commendaret
1896 2131 2061 2197 patientiam,
2087 2147 2139 2186 nrm

1363 2217 1518 2273 ostendebat
1529 2220 1672 2290 potentiam
1684 2221 1752 2275 inter
1766 2224 1844 2276 verba
1856 2221 2060 2285 detrabendum,
2075 2238 2141 2293 quos

1363 2318 1452 2377 posset
1464 2308 1551 2365 diuina
1568 2320 1698 2381 potestate
1710 2312 1809 2368 delere.
1829 2313 1882 2369 Sed
1896 2314 1971 2370 nobis
1986 2315 2074 2368 utilius
2084 2323 2139 2369 curt

1362 2400 1432 2470 quod
1454 2402 1584 2471 patienda
1608 2402 1742 2474 prebebat
1756 2403 1904 2473 exemplum
1918 2445 1925 2465 ,
1938 2419 2016 2475 quam
2040 2404 2060 2458 si
2077 2418 2139 2459 suros

1362 2492 1482 2548 inimicos
1502 2494 1561 2548 sine
1582 2493 1706 2549 dilatione
1719 2493 1863 2564 perdendo,
1879 2493 1911 2549 ad
1926 2495 1975 2549 boe
1990 2508 2039 2548 unu
2058 2492 2140 2548 auditi·

1362 2593 1444 2648 caret,
1455 2593 1484 2637 ut
1494 2584 1660 2653 impatienter
1672 2585 1855 2654 festinaremus
1872 2585 1905 2640 dc
1917 2585 1958 2640 bis
1976 2602 2042 2655 quos
2054 2585 2139 2640 nialus

1361 2677 1476 2746 patimur
1489 2675 1632 2731 vindicari:
1647 2692 1706 2731 cum
1718 2678 1842 2748 seriptum
1857 2678 1911 2732 sit:
1928 2677 2020 2732 lletior
2038 2688 2075 2732 ert
2097 2694 2141 2748 pe·

1361 2768 1424 2823 tiens
1442 2785 1517 2835 quom
1529 2770 1567 2823 eir
1580 2771 1653 2840 [ertit
1674 2770 1762 2842 (Prae.
1787 2786 1842 2835 rut,
1856 2771 1919 2840 51).
1937 2771 2036 2825 Doeent
2060 2771 2137 2838 igitur

1360 2874 1409 2914 uos
1421 2860 1507 2914 diuina
1522 2860 1626 2930 eloquia
1647 2862 1779 2916 dominico
1792 2862 1922 2930 erernplo,
1935 2876 1994 2914 cnm
2007 2862 2136 2925 andimus,

1361 2940 1413 2996 Pro
1426 2959 1453 2997 eo
1466 2953 1494 2997 nt
1505 2942 1636 3013 diliperent
1657 2961 1703 3008 nte,
1720 2944 1882 2998 detrudebant
1903 2945 1962 2996 ncild
1974 2962 1983 3008 ,·
1995 2961 2039 3015 eqo
2054 2953 2135 2996 rentem

1360 3035 1480 3100 erebum:
1498 3045 1526 3091 ut
1546 3036 1651 3106 quaudo
1664 3036 1765 3106 aliquos
1788 3037 1916 3091 sentimus
1937 3036 2061 3105 ingratos,
2084 3050 2136 3088 urin
2168 3074 2171 3083 .

1359 3125 1444 3180 solum
1468 3140 1519 3181 neu
1541 3126 1679 3182 reddentes
1702 3126 1785 3191 bona,
1810 3125 1855 3181 sed
1871 3125 1976 3193 irrsuper
1999 3125 2138 3179 reddentes

1360 3217 1428 3271 unda
1449 3232 1496 3287 pro
1520 3217 1605 3280 bonis,
1625 3232 1674 3272 nos
1695 3230 1820 3273 oremus:
1843 3217 1940 3286 etipse
1959 3216 2062 3285 quidem
2090 3230 2138 3284 pro

1359 3309 1417 3363 aliis
1429 3309 1469 3363 rel
1492 3309 1670 3375 saevientibus,
1684 3310 1725 3364 rel
1739 3309 1887 3364 dolentibus
1899 3350 1907 3373 ,
1921 3317 1948 3363 et
1961 3309 1986 3362 in
2001 3307 2051 3362 lide
2065 3307 2136 3377 peri·

1358 3398 1524 3461 clitaotibus;
1546 3414 1594 3453 uos
1614 3413 1676 3452 rere
1698 3399 1777 3454 etiam
1800 3398 1940 3468 pronubis
1964 3398 2093 3468 primitus,
2109 3403 2138 3450 ut

1358 3489 1474 3545 antinoum
1488 3499 1605 3545 nostrum
1616 3490 1671 3545 beo
1683 3489 1823 3544 miserante
1835 3498 1912 3559 atque
1921 3488 2066 3559 opitulante
2077 3487 2137 3542 vin·
2158 3543 2160 3548 ,

1358 3573 1460 3648 eamus,
1481 3596 1535 3652 quo
1555 3579 1664 3636 lerimur
1677 3581 1704 3635 io
1727 3564 1870 3635 ulciscendi
1885 3579 2062 3650 cupiditatem,
2076 3593 2136 3632 cnm

1358 3671 1573 3727 dctraltitursire
1597 3670 1770 3740 presentibus
1791 3671 1847 3724 sire
1872 3669 2025 3725 absentibus
2048 3668 2135 3723 nobis.

1360 3763 1467 3827 llciude,
1480 3780 1540 3818 cum
1549 3760 1646 3818 Christi
1655 3762 1805 3833 patientiam
1819 3760 1998 3823 recordamur,
2011 3770 2134 3829 tanquam

1359 3858 1416 3924 ipso
1428 3857 1553 3923 excitato,
1566 3858 1632 3910 sicut
1646 3853 1743 3909 laetum
1758 3863 1807 3918 est,
1819 3869 1879 3908 cum
1891 3852 2019 3907 dormiret
2036 3851 2060 3904 iu
2076 3850 2136 3904 naui

1361 3948 1465 4018 (battle.
1487 3963 1553 4012 ιιιι,
1575 3945 1611 4002 11
1625 3945 1719 4016 ,15),
1741 3943 1785 4015 qui
1807 3943 2028 4013 perturbationem
2051 3940 2138 3995 tardis

1359 4042 1442 4094 nostri
1462 4046 1699 4110 tempestatemque
1717 4036 1878 4104 tranquillat,
1892 4036 1980 4089 animo
1998 4035 2087 4087 sedato
2099 4039 2139 4085 at-

1359 4147 1410 4201 qne
1422 4131 1525 4201 placato
1536 4144 1642 4184 acernus
1654 4128 1734 4184 etiam
1750 4141 1797 4193 pro
1810 4126 1875 4195 ipsis
1884 4123 2076 4179 detractoribus
2091 4139 2138 4176 no-
2179 4148 2182 4155 ι

1359 4222 1431 4287 strio,
1445 4230 1473 4275 ut
1489 4221 1573 4276 securi
1588 4219 1706 4274 dieamus
1722 4235 1728 4271 ε
1745 4217 1846 4270 binritte
1866 4217 1953 4281 nobis,
1974 4217 2036 4268 sicet
2054 4223 2076 4267 et
2094 4230 2139 4267 ner

1360 4313 1507 4365 dimittimus
1519 4310 1574 4382 (id.
1587 4326 1623 4376 vt,
1638 4309 1691 4383 11).
1704 4309 1757 4364 Sed
1769 4308 1813 4363 iile
1823 4307 1979 4368 dimittebat,
1990 4305 2034 4374 qui
2047 4318 2140 4373 pecca·

1361 4414 1414 4459 trem
1437 4402 1507 4474 qued
1527 4403 1552 4458 ci
1572 4402 1749 4456 dimitteretur
1765 4401 1854 4469 utique
1874 4412 1925 4451 unu
1941 4397 2062 4453 babebat.

1395 4497 1422 4550 6.
1439 4493 1520 4566 [vert.
1532 4494 1557 4550 ἕ.
1568 4491 1579 4566 ]
1592 4491 1717 4561 Sequitur
1729 4501 1818 4545 autem
1832 4507 1838 4541 ι
1854 4487 1888 4542 tte
1902 4498 2036 4560 potnerunt
2050 4486 2140 4540 oderr-

1360 4602 1465 4640 rnmme
1476 4583 1545 4638 maie
1566 4600 1610 4652 pro
1635 4583 1713 4636 botrie.
1729 4581 1763 4636 Et
1781 4580 1854 4651 quasi
1867 4592 2055 4650 quaereremus,
2075 4577 2139 4645 Quae

1361 4676 1448 4731 malai
1460 4690 1508 4746 pro
1520 4674 1614 4745 quibus
1628 4672 1724 4728 bortis?
1740 4668 1772 4724 lit
1791 4670 1887 4734 edicam,
1912 4668 2005 4740 inquit,
2020 4685 2064 4738 pro
2078 4668 2141 4723 dile·

1361 4768 1442 4820 ctione
1461 4780 1525 4818 mee.
1543 4764 1591 4818 ilie
1603 4772 1645 4820 est
1658 4760 1744 4816 onmis
1764 4772 1792 4816 et
1804 4773 1913 4829 magnus
1926 4768 2014 4813 reatus
2025 4759 2139 4813 illorum.

1361 4858 1426 4915 Nam
1440 4856 1502 4929 quid
1514 4871 1610 4911 nocere
1623 4861 1764 4925 potueruut
1777 4860 1980 4924 persequentes,
1992 4851 2157 4924 uoluntate„
2247 4884 2252 4901 r

1362 4964 1414 5004 non
1442 4947 1599 5003 necessitate
1620 4942 1796 5000 morientem?
1816 4943 1869 4999 Sed
1894 4942 1978 5012 ipsum
1992 4941 2081 4996 odium
2100 4949 2142 4996 est

1362 5043 1461 5096 crimen
1473 5038 1614 5093 marimum
1625 5033 1943 5106 persequentis,quamvis
1954 5033 1987 5086 sit
1997 5028 2142 5086 retonans

1362 5146 1439 5204 poerra
1454 5123 1585 5202 patientis.
1598 5124 1765 5182 Sattsuttcm
1784 5123 1907 5192 exposuit
1920 5118 2141 5194 queamdmodum

1363 5237 1442 5293 supra
1454 5220 1559 5279 dixerit.
1576 5217 1628 5273 Pro
1652 5233 1680 5272 ee
1693 5225 1720 5268 nt
1738 5231 1778 5268 rne
1791 5213 1932 5284 diliperent,
1949 5210 2010 5282 quia
2020 5207 2143 5264 dilectio·

1364 5328 1424 5369 nem
1444 5326 1496 5365 uon
1518 5319 1670 5379 utcumque,
1689 5305 1734 5360 sed
1749 5303 1884 5359 dilectioni
1909 5302 1966 5371 ejus
1990 5299 2141 5362 debebaut;

1363 5421 1423 5462 eum
1434 5404 1477 5460 bic
1488 5401 1599 5466 addidit,
1614 5416 1660 5470 pro
1671 5397 1801 5452 dilectione
1813 5413 1876 5450 neco.
1891 5394 1963 5449 lintre
1975 5393 2143 5447 dilectionem

1365 5498 1392 5553 iu
1419 5495 1561 5565 Evangelio
1585 5497 1795 5548 ecrntmemorat.
1819 5487 1862 5541 ubi
1885 5485 1967 5540 dicit:
1991 5480 2142 5544 lernrclenr,

1363 5586 1515 5649 Jerusalem,
1533 5581 1627 5647 quoties
1649 5579 1716 5635 uolui
1740 5576 1857 5647 colligere
1867 5575 1933 5644 pilius
1946 5583 2011 5636 teor,
2025 5581 2144 5640 tanquam

1364 5677 1459 5751 pollina
1481 5674 1564 5746 pullos
1586 5689 1645 5727 ruet
1663 5672 1709 5726 tub
1721 5671 1776 5724 aios
1793 5685 1851 5724 tues
1872 5676 1896 5722 et
1917 5663 2019 5719 rtolnitti
2030 5661 2040 5731 l
2053 5660 2144 5714 lluttlt.

1366 5787 1440 5832 xxrrr,
1454 5768 1517 5840 11).
1585 5775 1592 5785 ·

1401 5863 1428 5916 7.
1449 5858 1547 5914 Deinde
1561 5871 1618 5926 quac
1632 5869 1679 5927 pro
1692 5854 1746 5923 ipsa
1760 5851 1892 5918 impietate
1904 5846 2041 5914 recipiant,
2057 5840 2148 5908 incipit

1367 5951 1539 6022 proplietare3
1553 5954 1580 6000 et
1590 5960 1623 6000 eo
1633 5942 1712 5998 modo
1723 5942 1764 5996 illa
1777 5936 1850 6004 dicit,
1865 5946 1987 6006 tanquam
2002 5930 2148 5989 ulciscendi

1367 6041 1508 6113 cupiditate
1522 6045 1596 6108 optet
1609 6044 1636 6090 ut
1651 6035 1731 6095 bant;
1748 6043 1807 6084 curn
1821 6028 1942 6083 dieantur
1953 6024 2039 6080 lutura
2053 6019 2150 6077 oertis·

1368 6137 1434 6192 sium
1448 6131 1575 6197 ueritate,
1589 6137 1615 6183 et
1629 6142 1674 6198 per
1695 6122 1741 6181 bei
1752 6119 1880 6193 iustitiam
1898 6133 1978 6190 super
1992 6117 2057 6174 tates
2070 6114 2149 6184 digne
