5400 7059
604 751 673 807 tels

589 865 684 935 'rurba
699 857 820 929 erigant?
836 869 918 924 quare
937 853 965 907 iu
983 850 1113 905 audiendo
1124 849 1167 904 rel
1183 848 1291 903 iaboroi
1304 861 1385 917 quare

604 955 760 1026 plemmque
773 947 862 1001 auditu
883 945 984 1014 psalmo
998 943 1118 996 indoctus
1132 938 1264 994 abscedo?
1278 938 1333 992 ilue
1345 945 1387 991 εει

605 1042 674 1114 qrrrnl
688 1041 765 1110 paulo
779 1047 840 1090 arde
853 1035 907 1089 dixi
921 1051 928 1087 ι
940 1034 1033 1088 Patere
1046 1040 1071 1086 le
1083 1029 1187 1095 curari,
1203 1029 1239 1083 ita
1253 1026 1386 1082 sanandus

606 1149 646 1189 es.
660 1131 767 1185 blultum
782 1126 911 1197 superbus
924 1135 951 1180 et
968 1135 1086 1193 praeceps
1098 1131 1139 1175 est
1152 1126 1221 1188 eger
1234 1119 1278 1188 qui
1293 1127 1319 1173 et
1332 1131 1388 1171 me·

605 1225 693 1279 dirum
714 1226 823 1274 mrtrrere
843 1215 938 1280 audet,
953 1213 1032 1268 etiam
1051 1210 1194 1265 bominem.
1208 1207 1388 1263 consiliumne

606 1311 711 1366 audebit
732 1309 795 1362 dare
816 1321 886 1377 ager
904 1301 1027 1357 medico?
1047 1299 1098 1356 Ubi
1121 1299 1199 1352 bomo
1218 1303 1343 1366 aegrotat,
1361 1303 1389 1349 et

547 1421 551 1435 ·
607 1405 677 1458 licus
690 1409 773 1464 curat,
791 1414 913 1468 maguum
930 1393 1032 1466 pietatis
1046 1401 1073 1446 et
1089 1391 1207 1445 sanitatis
1222 1389 1322 1443 initium
1336 1396 1388 1452 cst,

607 1506 748 1565 antequam
761 1493 829 1548 scias
846 1504 927 1559 quare
940 1486 1002 1556 mrid
1019 1485 1117 1539 dictum
1139 1483 1190 1544 sit,
1208 1479 1335 1535 credere¹
1355 1479 1389 1532 ita

608 1587 661 1641 dici
673 1584 797 1640 debuisse
809 1590 836 1634 ut
848 1579 945 1633 dicium
957 1586 1008 1631 est.
1022 1574 1084 1629 ttae
1094 1573 1163 1627 enirn
1178 1574 1262 1641 pietas
1275 1569 1351 1624 iaciat
1364 1577 1390 1623 te

608 1693 730 1748 etpaccm
746 1683 773 1728 ιιι
785 1687 888 1743 tpttmras
902 1667 972 1741 quod
985 1666 1083 1722 dictum
1096 1676 1153 1729 est,
1167 1673 1192 1717 el
1207 1679 1264 1715 cum
1279 1661 1391 1731 quaesie·

608 1773 646 1825 ris
665 1769 799 1832 itu-enias,
815 1775 841 1821 et
860 1779 920 1818 cum
941 1759 1074 1815 inveneris
1092 1756 1215 1827 gaudeas.
1236 1753 1312 1807 Adsit
1327 1768 1390 1822 ergo

609 1862 686 1916 nobis
695 1859 764 1929 aprrd
775 1856 914 1911 Dominum
929 1853 1011 1908 Deum
1025 1858 1142 1904 nostrum
1156 1845 1321 1902 isrealiuctus
1333 1861 1392 1914 pre·

608 1970 668 2010 cum
683 1963 847 2013 uestrarum3
861 1949 921 2003 etsi
937 1963 989 2000 rron
1005 1955 1112 2015 propior
1126 1959 1184 1998 nats.
1198 1952 1269 1996 certe
1284 1949 1392 2010 propter

609 2063 656 2099 rus
669 2045 766 2098 donare
778 2037 901 2110 dignetur
912 2036 983 2108 quod
1000 2037 1041 2089 bic
1053 2034 1233 2088 abscunditum
1248 2033 1321 2086 latet.
1336 2029 1391 2084 blo·

609 2135 645 2190 do
656 2150 719 2204 ergo
733 2141 823 2201 putate
835 2144 892 2192 uos,
907 2126 1031 2197 (quoniam
1044 2125 1178 2194 ettjustlam
1192 2121 1333 2190 spectaculi
1346 2120 1391 2175 et¹

609 2226 731 2281 editionis
749 2223 844 2278 dirime
863 2220 933 2273 diem
954 2216 1139 2286 promisimus,
1162 2213 1335 2282 pronuntiatis
1351 2211 1392 2266 bis

484 2367 488 2375 .
528 2298 531 2304 ¹
610 2318 730 2373 uersibus
741 2326 768 2369 et
779 2308 1041 2377 nomluurexpositis,
1054 2301 1317 2372 inrolrttasquasdam
1330 2301 1391 2356 Edi·

610 2411 674 2462 toris
688 2407 770 2461 nostri
785 2405 902 2482 sarcinas
923 2401 1071 2470 protulisse.
1086 2396 1180 2466 Utique
1194 2394 1227 2448 ad
1249 2394 1298 2448 boc
1318 2396 1392 2446 inru-

611 2501 672 2554 luuu
699 2482 881 2568 proleruutur,
904 2502 932 2547 ut
957 2491 1068 2546 erutum
1089 2484 1295 2557 εεεῃεειειιιιιει
1316 2500 1323 2537 :
1344 2497 1393 2539 res

612 2601 699 2646 antem
716 2605 767 2644 nou
782 2597 882 2642 tautum
899 2584 991 2639 intueri
1003 2624 1010 2649 ‚
1023 2580 1068 2636 sed
1082 2588 1109 2634 et
1121 2577 1208 2632 restiri
1225 2575 1363 2647 paramini.

645 2682 673 2736 5.
693 2681 848 2736 Dixeramus
857 2686 943 2732 autem
953 2674 996 2729 die
1005 2671 1146 2735 dominico,
1157 2673 1178 2723 si
1190 2667 1309 2723 nretuinil
1324 2667 1394 2721 Cha·

611 2771 676 2826 ritas
687 2778 786 2834 uestra,
806 2768 850 2838 qui
864 2765 996 2827 adfuistis,
1011 2763 1094 2833 ipsam
1107 2759 1284 2829 evangelicam
1298 2757 1393 2812 lectio·

611 2878 682 2925 neo,
693 2877 752 2931 qum
765 2873 814 2914 nos
827 2857 925 2913 diutius
940 2854 1035 2918 tenuit,
1050 2861 1079 2908 ut
1090 2850 1187 2906 Psalmi
1203 2849 1333 2918 expositio
1344 2845 1394 2901 otl-

613 2951 736 3015 l'erretur,
752 2963 895 3020 eongruem
910 2946 1004 3001 lectam
1017 2942 1098 2998 luisse
1111 2939 1199 2996 eidem
1213 2938 1323 3009 psalmo.
1338 2937 1395 2992 lluc

613 3054 676 3098 tnnc
689 3042 814 3105 diximus,
826 3037 872 3093 sed
881 3033 1020 3091 ostendere
1031 3047 1083 3086 uon
1099 3030 1238 3093 valuimus,
1251 3028 1311 3097 quia
1321 3026 1395 3082 Psal‘

612 3149 684 3189 urrrm
697 3130 857 3186 distulimus.
876 3125 961 3181 iiodie
978 3124 1066 3193 itaque
1084 3118 1289 3176 demonstranda
1308 3126 1348 3173 est
1368 3126 1395 3174 ει

606 3225 669 3294 ‘ipsa
679 3219 858 3292 congruentia.
877 3217 904 3272 lu
917 3215 1068 3287 euangelica
1081 3212 1125 3268 illa
1138 3211 1249 3267 lectione
1263 3210 1345 3265 territi
1355 3225 1396 3265 su·

609 3312 717 3372 rotrude
731 3308 939 3373 dienprissimo.
963 3306 1061 3363 Terror
1081 3303 1126 3359 ille
1149 3301 1315 3358 securitatem
1335 3314 1396 3371 par·

574 3428 576 3432 r
613 3406 694 3470 turit;
710 3403 792 3459 territi
817 3401 887 3457 enim
905 3412 1092 3470 praecavemus,
1108 3402 1285 3466 precurrentes
1310 3387 1396 3447 seemi

610 3500 720 3555 orimus.
757 3494 894 3566 Quomodo
926 3493 996 3548 euim
1022 3496 1183 3561 praepostera
1208 3485 1336 3571 securitas
1368 3480 1409 3541 iu·

615 3603 728 3654 tremores
741 3588 860 3658 impellit,
881 3587 915 3641 ita
925 3583 1045 3640 ordinata
1063 3577 1213 3636 sollicitudo
1225 3577 1392 3633 securitatem

615 3683 691 3750 parit.
706 3679 799 3734 Territl
812 3686 899 3731 autem
913 3689 1014 3738 sumus,
1028 3687 1061 3726 ne
1079 3677 1235 3740 presentem
1247 3667 1328 3721 vitam
1346 3666 1396 3722 dc-

615 3773 762 3834 iii-iontem,
786 3768 944 3830 volaticam,
974 3762 1160 3824 transitoriam,
1188 3760 1227 3814 sic
1258 3772 1394 3823 amemus,

615 3861 689 3930 quasi
709 3858 758 3913 alia
779 3857 849 3911 nulla
867 3856 902 3910 sit
916 3873 922 3907 :
936 3855 959 3908 si
977 3854 1046 3909 enim
1062 3851 1112 3904 alia
1126 3851 1195 3905 nulla
1213 3859 1264 3911 est,
1277 3864 1396 3904 ornemus

616 3941 692 4004 ltine
708 3948 735 4002 Si
759 3947 809 4000 alia
836 3945 889 4000 rita
913 3944 984 3999 nulla
1010 3953 1060 4007 est,
1086 3940 1217 3996 feliciores
1239 3939 1315 3993 nobis
1334 3948 1396 3994 sunt

614 4039 702 4109 qniad
722 4036 944 4106 amplritbeatrum
966 4033 1045 4088 bodie
1066 4031 1217 4101 vigilarunt
1235 4028 1303 4096 Quid
1325 4030 1395 4084 enim

614 4134 652 4187 ait
683 4131 844 4200 bpostulusl
865 4128 930 4184 Si
921 4143 947 4180 nr
966 4127 1013 4179 lroc
1038 4126 1089 4179 situ
1116 4132 1212 4176 mutum
1245 4122 1272 4174 in
1298 4120 1396 4176 dlrmstu

615 4233 741 4293 speratam
767 4235 865 4281 summ,
888 4217 1078 4271 ntiserulriliores
1103 4230 1188 4268 sumus
1214 4214 1327 4267 omuibus
1348 4213 1395 4266 lto·

615 4317 721 4370 minibus
740 4313 762 4385 ll
778 4313 894 4375 Gerar,
914 4308 974 4378 te).
986 4309 1031 4362 Est
1048 4320 1111 4377 ergo
1123 4306 1173 4359 alia
1196 4305 1259 4360 uita.
1281 4303 1396 4359 interro·

614 4405 777 4475 getqttisque
792 4400 925 4456 Christum
945 4395 957 4429 ⁸
973 4394 1066 4452 iulide
1084 4409 1153 4450 sua:
1172 4392 1218 4448 sed
1240 4391 1338 4447 dormit
1364 4392 1396 4446 lr-

615 4496 672 4550 dcs.
689 4494 782 4549 llerito
802 4491 922 4555 fluctuas,
937 4489 997 4560 quia
1020 4487 1141 4543 cbristus
1162 4483 1259 4540 donarit
1280 4484 1306 4538 in
1325 4482 1394 4538 navi.

615 4587 693 4642 lesus
706 4586 776 4640 enim
791 4582 938 4638 dormiebat
953 4580 978 4632 in
992 4577 1062 4641 nari,
1077 4584 1104 4630 et
1122 4575 1195 4629 naris
1207 4573 1350 4629 fluctuabat
1369 4565 1407 4628 iu¹

580 4696 582 4698 ·
616 4677 691 4747 argutis
707 4685 735 4732 ει
752 4672 951 4744 tempestatibus
969 4669 1058 4724 multis
1073 4666 1184 4737 (llattlr.
1200 4680 1257 4731 rur,
1271 4664 1316 4727 bl,
1326 4664 1362 4720 25
1373 4663 1394 4736 ).

563 4823 566 4828 ,
616 4767 736 4822 Fluctuat
748 4778 811 4833 ergo
823 4777 879 4825 cor,
898 4758 1003 4830 quaudo
1015 4757 1134 4812 Christus
1149 4754 1256 4810 dormit.
1277 4754 1396 4809 cbristus

616 4873 722 4926 semper
734 4856 823 4924 vigilat
839 4851 919 4922 :quid
929 4859 971 4905 est
979 4863 1052 4916 ergo,
1062 4846 1182 4902 Christus
1190 4845 1305 4900 dormit?
1317 4844 1396 4900 Fides

617 4949 772 5010 tundormit.
782 4944 849 5015 Quid
859 4943 944 4998 adbuc
955 4939 1123 4997 dubitationis
1132 4945 1285 5006 tempestate
1298 4936 1396 5006 'jacta-

618 5038 672 5098 εἰει
700 5039 791 5095 liscita
808 5035 961 5096 Christum,
983 5030 1068 5086 exeita
1100 5026 1177 5082 ladem
1201 5036 1301 5081 tuarn:
1330 5041 1393 5081 cuu-

616 5135 689 5204 spicu
722 5129 805 5185 oeulis
823 5124 884 5180 ddei
906 5124 985 5177 uitam
1015 5118 1139 5183 lutrarum,
1170 5127 1277 5185 propter
1316 5131 1396 5186 quam

617 5221 762 5287 credidisti,
777 5227 884 5290 propter
894 5229 971 5285 uttam
981 5213 1056 5282 siguo
1069 5210 1125 5280 ejus
1133 5207 1259 5277 signaris,
1275 5206 1319 5276 qui
1333 5220 1396 5276 pro·

617 5324 708 5386 pterea
722 5309 796 5366 duxit
810 5308 878 5362 banc
891 5306 981 5369 uitam,
997 5301 1078 5357 uttibi
1088 5297 1239 5354 ostenderet
1255 5311 1332 5366 qoam
1362 5297 1397 5352 sit

616 5401 808 5463 contemnenda
826 5412 902 5468 urtam
915 5395 1051 5464 diligebas,
1074 5400 1102 5446 et
1120 5402 1197 5458 quam
1218 5387 1252 5442 sit
1265 5386 1396 5456 speranda

616 5510 695 5566 arram
709 5507 761 5547 noo
771 5487 908 5549 credebas.
918 5485 946 5540 Si
956 5498 1019 5553 ergo
1032 5480 1109 5535 sulem
1119 5477 1285 5540 excitareris,
1297 5484 1324 5530 et
1334 5491 1418 5531 ocu-

615 5570 759 5654 losejusin
774 5579 915 5635 norissima
932 5574 1044 5638 miseris,
1056 5566 1420 5638 tutorumquesacutumtu

648 5697 702 5743 ¹tta
712 5688 955 5741 meltmtsnuaeuas
966 5673 1341 5738 strud,etrmuutun1drcmm
1351 5682 1395 5725 est

618 5761 747 5826 Antequam
759 5750 821 5802 scius
837 5756 912 5812 gaure
923 5741 981 5808 quid
993 5714 1084 5791 dictrra’n
1097 5738 1137 5799 εἰ,
1155 5740 1227 5788 erede
1246 5735 1279 5786 itu
1295 5734 1344 5787 dici
1356 5736 1398 5786 de·

617 5816 807 5924 orestem·
816 5871 926 5921 omittunt
934 5862 1183 5930 paternumque
1193 5872 1218 5908 m
1226 5857 1397 5908 merublms

617 5938 825 6112 ἱῑῗῗιιὲξω
832 5990 1040 6058 us„speeteartats:
1050 5982 1246 6040 idembtcsunat,
1257 5986 1418 6043 enneaca-

1148 747 1151 755 '
1213 737 1243 794 S.
1261 733 1440 793 auuustuu
1460 733 1605 792 urtsumu

2151 743 2219 800 teto

1441 864 1493 918 quo
1503 851 1675 921 gaudebimus
1689 863 1747 921 post
1758 855 1868 919 alterum
1880 856 1983 923 Domini
1996 856 2151 921 adrentum,
2163 869 2222 926 pust

1417 1006 1421 1015 Ι
1437 939 1561 1008 judicium
1573 952 1717 1012 peractum,
1730 955 1787 1014 post
1797 948 1920 1002 traditum
1931 949 2030 1004 sanctis
2039 965 2152 1020 regnnpn
2167 966 2222 1007 coe·

1439 1030 1534 1099 lorum,
1547 1034 1569 1087 si
1582 1034 1652 1089 illam
1665 1036 1742 1090 vitam
1759 1039 1924 1107 cogitaveris,
1937 1050 1965 1094 et
1977 1041 2046 1096 illius
2061 1043 2123 1096 rite
2137 1058 2222 1111 nego·

1440 1123 1503 1176 tium
1514 1124 1636 1188 otiosum,
1652 1126 1685 1181 de
1696 1141 1749 1197 qrro
1760 1142 1829 1198 saepe
1840 1130 1917 1184 locuti
1931 1145 2037 1194 sumus,
2054 1131 2221 1198 cbarissimi;

1439 1227 1492 1279 non
1505 1212 1639 1270 fluctuabit
1658 1217 1789 1287 negotium
1805 1227 1933 1283 nostrum,
1952 1220 2067 1275 otiosum
2087 1225 2223 1293 negotium

1441 1303 1547 1372 plenum
1569 1306 1651 1361 solius
1661 1305 1817 1372 dulcedinis,
1834 1309 1904 1363 nulla
1921 1310 2116 1380 interpellatum
2136 1314 2223 1368 mole·

1441 1394 1501 1458 stin,
1510 1394 1580 1448 uuila
1591 1393 1744 1466 inrigatione
1754 1399 1908 1463 sauciatum,
1917 1401 1986 1454 nulla
2000 1402 2071 1456 nobe
2082 1405 2223 1472 perturba·

1442 1495 1506 1540 tum.
1524 1487 1660 1559 Negotium
1688 1501 1805 1546 austrum
1828 1492 1897 1562 quod
1909 1494 1978 1548 criti
1991 1495 2113 1551 Lattdare
2129 1499 2223 1561 Deam,

1441 1592 1530 1634 amare
1542 1590 1569 1634 et
1582 1581 1706 1648 laudare;
1718 1583 1824 1657 laudare
1837 1584 1863 1639 in
1879 1601 1979 1650 amore,
1994 1602 2085 1644 artiore
2097 1591 2122 1643 in
2138 1590 2222 1644 laudi-

1442 1670 1500 1725 bus.
1512 1672 1583 1726 b'eeli
1595 1675 1636 1743 qai
1649 1674 1758 1728 ltabitunt
1771 1677 1796 1728 in
1806 1676 1885 1731 -domo
1898 1687 1941 1732 lrtu
1951 1696 1961 1743 ,·
1972 1680 1998 1731 in
2013 1680 2107 1734 sucula
2116 1681 2224 1736 soecrtlo·

1442 1780 1497 1817 rum
1509 1765 1645 1835 leedubmu
1664 1776 1687 1820 te
1699 1766 1788 1840 (Paul.
1803 1785 1911 1835 uxxxtu,
1923 1771 1940 1824 5
1952 1767 1971 1841 l.
1985 1770 2083 1837 Quare,
2099 1774 2149 1826 nisi
2164 1774 2225 1842 quia

1443 1854 1577 1910 insaecula
1593 1856 1935 1913 sarcrrlorumamalnmtte?
1947 1859 2042 1925 Quare,
2059 1861 2110 1915 nisi
2121 1865 2184 1933 quia
2199 1865 2225 1919 iu

1443 1946 1538 2000 sarcula
1549 1947 1704 2004 saeculorum
1719 1948 1843 2007 ridebunt
1851 1951 1895 2004 te?
1905 1950 1959 2005 lloc
1970 1965 2044 2021 ergo,
2055 1951 2154 2008 lratres
2162 1956 2224 2020 urei,

1443 2038 1519 2107 quale
1531 2039 1707 2107 spectaculum
1728 2041 1778 2095 erit
1791 2040 1816 2093 in
1829 2041 1931 2097 risione
1946 2041 2013 2096 Dei?
2028 2043 2125 2097 Vident
2139 2046 2226 2100 ltnnri·

1444 2143 1490 2183 ors
1506 2138 1666 2190 relatorem,
1678 2141 1704 2185 et
1717 2128 1898 2185 delectantur:
1913 2148 1953 2185 vae
1963 2133 2079 2201 miseris,
2095 2135 2116 2187 si
2128 2152 2183 2188 nrm
2199 2152 2227 2191 se

1443 2219 1622 2274 correxerint!
1644 2221 1692 2288 Qui
1713 2221 1783 2276 euim
1807 2220 1898 2277 rident
1911 2231 2081 2284 venatorem.
2098 2234 2126 2278 ει
2152 2225 2226 2278 dele·

1443 2318 1557 2375 eranum,
1565 2309 1689 2365 ridebunt
1698 2310 1871 2377 Salratorem,
1879 2313 2150 2368 etcontristabuntur.
2161 2317 2227 2382 Quid

1444 2398 1495 2451 illis
1505 2400 1636 2466 miserius,
1658 2401 1755 2470 quibus
1773 2400 1894 2457 Salvator
1915 2402 1991 2457 saluti
2007 2418 2061 2458 nou
2082 2405 2152 2460 erit?
2170 2405 2227 2461 Non

1444 2503 1507 2558 ergo
1519 2491 1613 2544 mirum
1638 2492 1697 2561 quia
1719 2492 1772 2546 illis
1805 2493 1900 2563 quibus
1928 2486 2056 2564 rolbptati
2077 2504 2120 2551 est
2149 2499 2228 2553 bomo

1445 2597 1575 2652 pugnans,
1583 2586 1694 2640 nouerit
1703 2585 1779 2641 saluti
1789 2586 1858 2640 lleus
1870 2587 1995 2642 liberans.
2004 2587 2060 2643 Nus
2068 2600 2170 2653 ararem,
2183 2591 2229 2644 lna

1445 2680 1507 2737 trus,
1525 2674 1547 2727 si
1561 2688 1609 2729 uos
1622 2674 1648 2728 in
1660 2673 1718 2743 eius
1732 2675 1857 2730 membris
1882 2677 2061 2742 meminimus,
2085 2679 2108 2734 si
2132 2696 2227 2735 ertia-u·

1444 2761 1580 2830 piscimus,
1592 2762 1616 2817 si
1626 2778 1833 2831 perseveramus,
1843 2764 1991 2821 ridebimus
2003 2778 2029 2821 et
2044 2769 2226 2838 gaudebimus

1445 2852 1502 2909 Erit
1517 2853 1559 2907 illa
1573 2853 1665 2908 ciuitas
1686 2854 1801 2924 purgatis
1814 2854 1935 2910 omuibus
1946 2857 2047 2912 uiribus
2064 2860 2133 2924 suis,
2158 2863 2227 2914 nullo

1445 2936 1561 2991 admixto
1579 2936 1705 2993 seditioso
1726 2948 1772 2993 aut
1794 2937 1944 2995 turbulento
1958 2957 1966 2994 z
1978 2941 2101 2997 iuimicus
2124 2945 2168 2998 ille
2185 2947 2227 3012 uui

1446 3027 1524 3081 rnodo
1545 3027 1655 3091 inridet,
1676 3043 1710 3084 ne
1730 3028 1764 3083 ad
1781 3029 1851 3093 illam
1866 3031 1979 3102 patriam
2000 3035 2153 3100 ¹vestiamus,
2177 3037 2227 3092 illie

1445 3116 1567 3187 cariquarn
1580 3116 1698 3173 insidiari
1710 3133 1761 3174 nou
1777 3129 1878 3190 potest;
1897 3122 1958 3190 unta
1979 3137 2029 3178 nec
2041 3115 2102 3180 ess'e
2115 3127 2151 3180 ibi
2170 3144 2228 3196 per·

1446 3207 1566 3267 mittitur.
1582 3206 1609 3263 Si
1622 3207 1692 3263 enim
1708 3208 1787 3263 modo
1800 3210 1948 3266 excluditur
1964 3210 1998 3268 de
2017 3215 2100 3270 corde
2116 3218 2227 3272 creden-

1447 3296 1522 3364 tium,
1545 3297 1677 3367 quomodo
1696 3297 1852 3355 excludetur
1877 3299 1911 3356 de
1932 3302 2039 3360 civitate
2058 3304 2230 3364 riretttiurni

1446 3389 1512 3459 Quid
1526 3391 1586 3457 erit,
1597 3388 1702 3459 iratres,
1716 3391 1779 3462 quid
1796 3393 1855 3460 erit,
1870 3409 1933 3465 rogo
1946 3410 2004 3463 ros,
2018 3398 2120 3454 esseio
2134 3400 2179 3455 illa
2195 3403 2230 3456 ei·

1446 3476 1536 3543 ritate,
1551 3474 1584 3532 de
1595 3490 1646 3547 qua
1659 3475 1729 3546 loqui
1740 3486 1840 3532 tantum
1850 3478 1971 3550 gaudirmr
1980 3480 2042 3535 esti
2055 3481 2122 3538 lluie
2138 3482 2230 3539 laturre

1446 3567 1591 3623 ritrocorda
1603 3558 1749 3639 preparare
1755 3567 1897 3624 debemus:
1907 3570 2025 3643 quisquis
2035 3573 2061 3628 ei
2071 3588 2119 3628 mr
2133 3591 2230 3644 praepa·

1447 3658 1553 3718 raverit,
1566 3667 1646 3713 totam
1656 3659 1732 3713 istam
1747 3660 1909 3726 commotu
1928 3670 2080 3733 contempta
2096 3665 2144 3720 ista
2159 3683 2230 3721 sern-

1447 3765 1506 3805 rum
1517 3747 1578 3804 lacit
1589 3761 1742 3821 exspectare
1756 3750 1825 3807 diem
1842 3750 1876 3808 de
1886 3766 1939 3824 quo
1950 3755 2129 3824 exspectando
2145 3757 2230 3814 limui-

1447 3855 1496 3896 nus
1512 3840 1612 3895 terruit.

1481 3949 1508 4004 l.
1523 3948 1589 4004 Cum
1604 3964 1667 4020 ergo
1679 3949 1794 4019 psalmus
1812 3951 1861 4008 iste
1873 3951 1941 4009 dieat
1955 3954 2035 4011 uobis
2052 3966 2084 4021 pt
2094 3967 2183 4014 eatttet
2198 3958 2229 4013 tle

1448 4050 1491 4105 illa
1504 4051 1556 4104 rita
1570 4047 1667 4115 lutura,
1680 4049 1849 4120 Euangelium
1864 4059 1951 4106 autem
1966 4054 2093 4107 terruerit
2108 4056 2143 4108 du
2156 4071 2223 4124 pou-

1448 4140 1514 4195 scnti
1525 4157 1532 4204 ;
1545 4139 1664 4195 Psalmus
1678 4138 1739 4194 lacit
1751 4155 1868 4195 umorem
1882 4142 1988 4206 bttute,
2004 4133 2177 4213 Erdrrgclium
2190 4145 2228 4199 la·

1447 4230 1483 4284 cit
1496 4228 1617 4284 timorem
1628 4230 1774 4298 presentis.
1784 4229 1839 4286 Nec
1850 4230 1885 4286 de
1897 4230 1984 4286 lutura
1994 4232 2172 4288 dele-cuninae
2191 4246 2228 4287 ta-
2278 4287 2284 4296 ,

1447 4330 1521 4377 uetur
1534 4322 1559 4376 in
1576 4322 1669 4378 litteris
1682 4321 1746 4376 Nori
1762 4322 1933 4403 Testamenti,
1953 4333 1981 4379 et
2003 4326 2088 4379 attritu
2103 4331 2187 4397 stragis
2205 4330 2229 4382 ia

1448 4416 1496 4476 eis,
1511 4412 1555 4467 ubi
1571 4427 1622 4467 non
1638 4423 1760 4482 tanquam
1771 4427 1829 4467 rum
1842 4414 1983 4470 involucris
1996 4416 2156 4486 quilrusdam
2173 4437 2230 4490 pm

1448 4501 1566 4557 lemutur
1580 4502 1622 4556 illa
1635 4518 1694 4572 quae
1708 4503 1874 4572 intelligenda
1887 4514 1965 4570 sunt;
1986 4506 2032 4560 stul
2052 4508 2089 4562 ibt
2105 4501 2228 4564 tirldutur

1443 4577 1547 4663 aperta,
1561 4600 1590 4647 ut
1609 4591 1653 4646 bic
1671 4592 1848 4663 intelligantur
1863 4594 1985 4650 obscura.
1998 4595 2064 4651 Cum
2080 4615 2145 4668 ergo
2159 4601 2230 4655 dice·

1447 4695 1488 4740 ret
1508 4684 1584 4738 nobis
1605 4685 1783 4755 Evarrgelium,
1805 4684 1950 4744 obseruate
1967 4689 2038 4744 diem
2056 4693 2230 4748 nouissimum

1447 4785 1597 4838 remorum,
1620 4775 1690 4832 diem
1712 4774 1840 4831 adrentus
1854 4777 1912 4834 Filii
1935 4779 2065 4843 bominis:
2090 4787 2152 4852 quia
2176 4786 2232 4840 illos

1447 4865 1515 4919 male
1529 4865 1681 4920 inventurus
1694 4874 1743 4928 est,
1758 4865 1802 4933 qui
1817 4866 1896 4921 modo
1909 4869 1996 4922 securi
2005 4881 2078 4936 sunt,
2095 4871 2157 4926 ideo
2172 4876 2231 4942 «prtia

1448 4970 1571 5025 perverse
1580 4958 1665 5012 securi
1677 4967 1754 5024 sunt;
1767 4959 1852 5014 securi
1864 4965 1926 5013 sunt
1935 4960 2005 5014 euim
2017 4961 2043 5014 in
2052 4962 2232 5030 voluptatium

1447 5047 1546 5111 saculi,
1561 5062 1620 5102 cura
1630 5049 1822 5107 deberentesse
1833 5049 2032 5118 securidomitis
2041 5054 2232 5122 cupiditatibus

1448 5137 1537 5192 sacnti
1552 5137 1623 5206 :jam
1635 5139 1724 5209 utique
1738 5140 1775 5194 illi
1794 5140 1858 5209 uitae
1871 5154 1919 5195 nos
1937 5144 2099 5211 preparat-it
2118 5145 2233 5214 Aposto-

1448 5229 1499 5294 lus,
1515 5230 1540 5284 in
1552 5229 1638 5285 verbis
1648 5246 1705 5298 grino
1717 5224 1778 5284 tunc
1789 5231 1867 5286 etiam
1876 5233 2114 5299 commentorum«
2132 5235 2170 5291 Dc
2182 5253 2231 5292 cae·

1448 5329 1516 5385 tero,
1529 5319 1634 5386 iratres,
1651 5332 1753 5393 tempus
1766 5322 1846 5378 lrrerc
1857 5332 1898 5378 εει
1914 5340 1921 5375 :
1937 5325 2068 5392 reliquum
2083 5337 2126 5382 est
2141 5338 2171 5384 nt
2186 5331 2230 5399 qui

1421 5411 1544 5476 babent
1560 5428 1662 5475 uxores,
1686 5421 1808 5482 unquam
1828 5429 1881 5468 non
1896 5412 2022 5470 babentes
2039 5416 2112 5480 sint;
2136 5428 2167 5472 et
2188 5418 2232 5487 qui

1448 5510 1549 5566 emunt,
1566 5511 1687 5572 tanguam
1701 5518 1753 5558 aon
1773 5514 1910 5569 ementes;
1928 5513 1956 5560 ει
1967 5506 2011 5574 qui
2022 5506 2151 5576 gatrdent,
2177 5520 2232 5565 tau·

1417 5611 1526 5664 quiam
1541 5612 1591 5650 non
1604 5597 1801 5666 patrocinemur
1814 5597 1858 5666 (μή
1873 5595 1945 5662 ssent,
1960 5606 2086 5668 tanquam
2100 5616 2155 5657 nott
2168 5600 2233 5657 ileo·

1449 5697 1506 5741 tes:
1522 5687 1606 5757 etqui
1622 5695 1729 5741 utuntur
1741 5687 1791 5743 ltoc
1804 5687 1912 5753 mundo,
1928 5697 2052 5757 tanquam
2062 5705 2116 5745 non
2128 5702 2231 5748 utentes

1448 5778 1501 5832 sint
1512 5794 1520 5831 :
1532 5777 1724 5845 praeteritenirn
1740 5778 1820 5847 trgum
1831 5776 1908 5847 liujus
1917 5778 2018 5832 rotrodi.
2032 5778 2100 5836 Volo
2112 5797 2162 5838 ros
2172 5785 2230 5839 siae

1448 5865 2231 5941 sollicitudiueesserliCur.utt,29·32).Quigaudiamtotuar

1448 5972 1524 6014 suum
1537 5966 1671 6027 totamque
1688 5956 1838 6014 lelicitatem
1853 5972 1927 6014 suam
1938 5959 2110 6016 constituitis
2119 5964 2231 6019 maudu-

1450 6051 1545 6116 eaado,
1556 6050 1679 6121 bibendo,
1688 6065 1796 6107 uxorem
1805 6049 1934 6116 ducendo,
1946 6052 2070 6118 emendo,
2080 6057 2230 6121 reudfltdo,

1451 6152 1550 6208 utendo
1563 6150 1661 6208 mundo
1672 6152 1732 6217 istu,
1746 6153 1803 6209 sine
1814 6135 1990 6211 sollicitudine
2000 6165 2081 6213 estet
2096 6158 2169 6228 taliae
2186 6160 2231 6217 set
