5400 7059
534 746 602 805 istu

532 861 634 924 laudes,
650 870 676 914 te
689 871 814 921 accusem
828 851 889 923 quia
911 847 982 904 illius
1004 854 1045 901 est
1065 842 1266 906 misericordia,
1291 848 1320 891 ιιι

532 962 640 1021 peccata
660 957 750 1003 nostra
764 939 888 998 dimittat.
910 936 977 992 Natu
1000 936 1022 990 si
1047 935 1128 990 veltet
1152 929 1322 1002 promeritis

533 1056 622 1112 agere,
638 1056 691 1094 tion
705 1034 835 1090 inveniret
850 1029 899 1084 nisi
914 1043 983 1098 quos
995 1025 1145 1081 damnaret.
1164 1021 1249 1076 Venite
1259 1032 1321 1088 ergo

533 1133 600 1187 dixit
611 1131 632 1194 ¹,
649 1137 677 1184 ιιι
696 1124 851 1180 recedamus
863 1119 919 1190 jam
935 1134 951 1173 a
965 1116 1081 1188 peccatis
1097 1113 1213 1176 nostris,
1230 1119 1256 1165 et
1269 1123 1321 1164 uon

450 1208 453 1213 Ι
534 1223 671 1279 nobiscum
684 1215 799 1273 deducat
816 1213 946 1267 rationem
967 1208 1001 1265 de
1022 1205 1182 1280 praeteritis3
1196 1203 1242 1258 sed
1262 1213 1321 1257 tun·

535 1330 612 1383 numu
629 1308 725 1364 mindae
740 1320 816 1361 nosse
831 1306 905 1368 liant,
919 1300 1036 1356 incensis
1050 1298 1174 1353 omnibus
1188 1295 1324 1363 cbirogra·

535 1404 594 1473 pbis
607 1401 757 1456 debitorum
775 1405 936 1451 nostrorum.
960 1390 1063 1458 Qttanta
1079 1403 1142 1457 crgo
1158 1387 1227 1440 illins
1247 1385 1322 1448 laius,

534 1501 632 1562 qttaotn
647 1484 847 1549 misericordia,
860 1482 1053 1542 cottdteamnr,
1070 1478 1161 1547 utiquc
1175 1475 1323 1529 inundantes

535 1584 602 1641 Nam
615 1582 637 1635 si
652 1594 758 1647 seirrper
772 1574 905 1632 coulessio
922 1570 1073 1641 poenitentis
1086 1577 1167 1633 essct,
1182 1581 1234 1620 ιιοιι
1249 1564 1324 1619 dice·

535 1681 610 1728 retur
623 1671 649 1726 in
664 1647 807 1738 Evangelio
820 1665 854 1720 dc
867 1664 926 1733 ipso
939 1661 1050 1715 ltomino
1061 1657 1107 1713 :ln
1115 1659 1161 1711 illc
1169 1654 1325 1710 bernecort·
1340 1649 1344 1657 '

535 1763 596 1817 lucit
608 1758 685 1815 lesus
698 1759 725 1811 tu
738 1756 838 1826 Spiritu
850 1765 946 1815 anneto,
962 1761 985 1804 et
998 1751 1043 1812 uit,
1057 1749 1185 1817 Cottpteor
1197 1747 1252 1808 tibi,
1272 1744 1323 1798 l‘o·

536 1850 700 1918 uellentne
709 1849 765 1903 corii
777 1858 800 1900 ct
815 1856 897 1911 terre,
907 1844 965 1913 pitin
976 1841 1127 1895 ubscortdisti
1138 1841 1191 1893 bere
1204 1839 1327 1906 usupierr·

536 1946 639 2001 rieures
654 1941 833 2015 prudentibus,
848 1949 871 1992 ct
885 1936 1000 1992 revelasti
1020 1950 1050 1988 ec
1072 1934 1183 2003 porculis
1201 1929 1276 1999 (Luc.
1293 1945 1324 1995 ι,

535 2037 593 2107 rt).
610 2033 740 2104 Nurnqnid
762 2033 822 2101 unia
843 2029 966 2085 Christus
986 2025 1171 2084 condiebatur,
1195 2021 1327 2090 poenitens

537 2127 611 2183 erati
626 2126 700 2180 ilium
717 2120 780 2176 nibil
796 2120 926 2191 poetiitere
940 2122 1060 2185 poterat,
1077 2114 1137 2182 grtia
1153 2111 1219 2164 nibil
1234 2109 1326 2179 culpa-

536 2218 626 2273 biliter
641 2214 754 2279 lecerat;
765 2213 811 2267 sed
826 2209 1002 2265 confitebatur
1013 2207 1041 2262 in
1057 2204 1134 2259 lande
1148 2203 1245 2258 Putris.
1258 2202 1328 2271 Ergo

537 2310 598 2380 quia
612 2319 638 2362 et
653 2306 695 2361 bic
708 2302 894 2359 exsultationis
908 2299 983 2354 lucus
996 2304 1056 2363 est,
1074 2295 1143 2349 lorte
1156 2294 1229 2349 iilam
1243 2289 1326 2346 debe·

537 2416 597 2455 mus
610 2394 758 2466 intelligere
772 2390 968 2448 cotiiessionem
982 2403 1042 2457 qttae
1061 2394 1103 2441 est
1123 2385 1150 2438 in
1166 2382 1243 2438 laude
1260 2381 1326 2436 Dei:

537 2489 646 2545 undeet
661 2486 731 2540 Luna
745 2484 846 2550 coutici,
862 2490 892 2537 ut
907 2496 959 2535 non
973 2479 1015 2533 bic
1029 2477 1208 2548 intelligamus
1221 2472 1327 2529 conlus-

537 2582 641 2637 sionem
665 2574 865 2646 poenitcntiurn,
884 2570 932 2626 scd
951 2568 1124 2624 laudantium.
1148 2565 1183 2620 Et
1203 2565 1266 2636 quid
1288 2571 1330 2619 est

538 2669 608 2740 qtrod
629 2668 756 2722 cutniuuo
775 2678 823 2718 nos
842 2662 968 2716 admonet
981 2660 1013 2714 de
1027 2659 1140 2729 quadam
1161 2654 1330 2710 contessione

537 2777 599 2816 cnm
622 2763 682 2812 ait:
703 2757 892 2811 Pruereniomua
915 2753 1006 2824 [aciem
1027 2750 1081 2820 ejus
1103 2749 1131 2801 iu
1150 2745 1330 2818 eortsessione?

538 2854 606 2922 Quid
629 2863 687 2913 cst,
711 2848 897 2903 Pruoeniunms
918 2843 1008 2917 sociem
1028 2842 1084 2912 ejus
1105 2840 1132 2894 iu
1154 2836 1331 2909 consessione?

540 2946 673 3000 Verrtnms
683 2952 738 3007 cst;
752 2940 940 2994 Proereniurnua
951 2935 1042 3006 {aciem
1054 2933 1110 3004 ejus
1121 2932 1148 2985 iu
1158 2930 1329 3002 confessione,

539 3038 631 3107 purius:
646 3043 789 3104 autequam
809 3029 915 3093 ueniat,
930 3040 979 3081 nos
999 3020 1152 3080 condiendo
1173 3021 1331 3076 damnemus

540 3127 610 3199 quod
621 3128 740 3186 lecimus,
751 3132 779 3177 nt
790 3122 834 3176 illc
847 3118 918 3190 quod
931 3122 1053 3179 coronet,
1064 3129 1118 3168 non
1128 3112 1198 3183 qtiod
1211 3111 1329 3178 damnet,

541 3217 668 3272 inueniat.
680 3211 812 3283 Numquid
828 3220 916 3264 autem
930 3216 958 3264 et
971 3206 1022 3262 inec
1034 3221 1087 3261 non
1100 3203 1215 3274 pertinet
1226 3202 1259 3256 ad
1275 3202 1332 3256 lau·

541 3307 602 3364 deur
626 3307 688 3371 liei,
702 3301 807 3373 «putando
828 3299 966 3355 coulneris
988 3303 1096 3367 peccata
1111 3295 1175 3348 tua?
1189 3293 1245 3346 bno
1266 3307 1331 3346 vero

541 3399 658 3454 niaxime
672 3399 786 3466 pertinet
799 3391 830 3446 ad
845 3388 949 3444 landem
966 3386 1022 3441 Dei.
1036 3384 1125 3452 Quare
1138 3381 1255 3438 maxime
1267 3396 1330 3452 pcr-

542 3491 609 3544 tinet
618 3487 651 3542 ad
665 3485 768 3540 latidum
780 3481 844 3536 licii
857 3479 922 3548 Qtrin
935 3486 1008 3532 ιιιιιο
1019 3475 1132 3545 atrrptins
1144 3471 1267 3528 landatur
1276 3485 1333 3525 me·

541 3581 635 3649 dicus,
649 3588 748 3650 qllantis
770 3575 828 3646 plns
847 3570 1040 3641 desperabatur
1056 3577 1182 3637 egrotus.
1197 3562 1333 3620 Confitere

542 3673 631 3744 itaque
643 3677 751 3741 peccata
768 3676 829 3730 tua,
844 3679 897 3735 quio
911 3662 994 3732 magis
1006 3658 1169 3728 desperabas
1181 3655 1216 3711 de
1229 3665 1256 3710 tc
1268 3668 1331 3725 pro·

543 3773 603 3835 pter
613 3761 763 3831 iniquitates
776 3755 941 3811 maslaum
953 3751 1023 3806 enim
1039 3747 1124 3817 nrm'or
1137 3747 1194 3801 laus
1206 3756 1246 3801 est
1259 3745 1334 3816 igno·

542 3852 655 3914 ccentis,
669 3857 769 3920 quatuo
785 3844 869 3913 trrajor
883 3839 1051 3912 exaggeratio
1066 3848 1107 3892 est
1123 3843 1233 3906 peccata
1246 3833 1332 3889 eonii·

544 3945 633 4000 tentis.
657 3940 715 3997 Non
738 3954 802 4010 ergo
824 3948 946 4007 putemus
969 3931 1115 3986 recessisse
1140 3943 1225 3983 nosa
1253 3925 1332 3982 laude

544 4034 658 4100 cantici,
672 4031 694 4086 si
710 4031 778 4085 bam
791 4025 986 4083 consessionem
1008 4023 1051 4075 bic
1071 4017 1260 4089 intelligimus,
1280 4029 1332 4086 qua

543 4126 701 4182 ecrrdtemur
714 4130 823 4192 peccata
836 4126 926 4173 nostra
939 4133 946 4166 ε
961 4122 988 4169 et
1001 4113 1052 4167 line
1064 4111 1096 4166 ad
1116 4108 1222 4164 laudem
1236 4106 1333 4162 cantici

543 4218 675 4292 pertinen
691 4214 752 4285 qttia
765 4228 826 4267 cium
845 4218 951 4281 peccata
966 4214 1056 4261 nostra
1070 4201 1268 4274 cognoscimus,
1286 4200 1333 4256 uei

543 4310 654 4381 gloriam
676 4303 905 4362 commendamus.
929 4297 1121 4355 Proeucniumus
1135 4296 1225 4368 sudem
1239 4296 1294 4366 ejus
1307 4294 1334 4349 iu

543 4400 710 4473 ecnstrsrione.
1305 4459 1307 4462 Α

580 4492 607 4547 5.
628 4489 662 4545 Et
676 4491 702 4544 iu
716 4486 819 4560 prolude
829 4483 966 4556 jubilemus
978 4480 1027 4534 iili.
1049 4477 1109 4533 iam
1131 4475 1249 4532 diximus
1269 4475 1334 4543 mid

544 4586 579 4639 sit
586 4583 715 4654 jubilarc;
726 4577 869 4649 repetitum
880 4583 931 4639 est,
940 4570 1149 4627 utconltrmetur
1159 4567 1185 4621 io
1198 4564 1334 4621 iaciendo:

545 4677 602 4748 ipsa
615 4674 740 4746 repetitio
752 4669 903 4727 exhortatio
913 4673 964 4721 est.
979 4661 1036 4716 Nou
1050 4659 1120 4714 enirn
1131 4658 1187 4727 jam
1200 4655 1275 4711 obliti
1287 4670 1335 4710 su·

545 4785 620 4834 mus,
636 4774 665 4821 ιιι
675 4764 730 4836 jam
744 4760 845 4818 meineri
859 4772 908 4812 tros
920 4754 1051 4816 uelimus,
1067 4765 1127 4821 quiae
1139 4748 1210 4803 dicta
1224 4748 1277 4802 sint
1288 4761 1336 4800 su·

546 4860 646 4931 perius,
661 4863 689 4911 ut
701 4853 843 4924 jubilemus
855 4866 861 4904 :
874 4845 922 4902 sed
936 4845 1091 4915 plerumque
1104 4840 1130 4894 in
1143 4839 1241 4894 affectu
1254 4837 1335 4892 animi

546 4945 792 5020 repetitnrrerbum
802 4938 872 5011 quod
886 4949 977 4992 notum
988 4943 1057 4999 erat,
1066 4947 1120 4988 non
1134 4939 1163 4985 ut
1176 4931 1335 4997 innotescat,

545 5041 593 5097 sed
609 5048 638 5095 ut
652 5038 707 5107 ipsa
719 5032 842 5102 repetitio
852 5029 932 5084 laciat
942 5023 1191 5087 confirmationem
1205 5021 1337 5089 repetitur

545 5130 617 5187 enim
639 5127 672 5180 ad
694 5121 892 5193 intelligendum
913 5117 1038 5172 allectum
1062 5112 1185 5168 dicentis.
1207 5109 1270 5165 inde
1295 5117 1338 5163 est

546 5219 617 5292 qnod
631 5217 696 5273 dicit
711 5213 849 5277 dominus,
863 5210 953 5272 Anien,
968 5221 1040 5259 umen
1054 5203 1112 5257 dico
1122 5201 1190 5257 rolris
1202 5199 1293 5270 (icen.
1309 5214 1335 5263 t,

546 5314 592 5384 5i)
607 5327 615 5377 ;
630 5305 779 5365 sulbciebat
797 5302 876 5356 Anien
897 5312 996 5361 unntn;
1016 5309 1117 5366 qttare,
1131 5291 1230 5356 Amen,
1245 5304 1335 5353 mn,

546 5403 597 5461 nisi
620 5399 683 5473 qnia
706 5396 764 5467 ipsa
787 5390 911 5464 repetitio
925 5386 1093 5444 confirmmic
1107 5383 1166 5439 esti
1179 5380 1212 5435 ln
1232 5379 1337 5452 putum

545 5507 620 5565 ergo,
634 5488 735 5560 inqttit,
745 5483 884 5559 jubilantur
898 5480 947 5534 itti.
963 5477 997 5532 lit
1009 5490 1069 5547 quaa
1089 5473 1209 5529 dicemus
1223 5473 1249 5525 in
1265 5469 1336 5540 psal-

546 5585 614 5641 mis?
626 5599 686 5655 quae
706 5580 844 5641 dicemus,
863 5574 904 5629 vel
927 5571 1015 5642 potins
1028 5569 1176 5624 sentiemus
1189 5564 1217 5620 in
1236 5563 1336 5634 jubila-

546 5678 635 5733 tiouei
649 5688 709 5745 quse
719 5678 782 5728 suut
791 5682 851 5739 quse
866 5663 999 5736 pertinent
1011 5659 1045 5715 ad
1060 5657 1165 5713 laudern
1177 5655 1273 5712 etotici
1286 5653 1337 5709 iau·

544 5768 605 5838 jusi
618 5765 676 5821 lam
688 5761 797 5819 audite:
809 5755 935 5825 Quoniam
952 5750 1019 5806 Deus
1034 5764 1141 5820 brugnus
1153 5756 1188 5801 est
1201 5745 1335 5809 Dominus,

546 5869 570 5915 rt
582 5874 629 5914 rer
639 5870 746 5929 pugnus
758 5866 835 5922 super
847 5861 932 5902 omnes
946 5843 1005 5898 deos
1016 5857 1025 5896 .·
1037 5850 1177 5911 propterca
1192 5851 1256 5906 ergo
1265 5835 1336 5903 jobi·

545 5953 634 6009 ietnus
643 5949 692 6003 iili.
700 5945 826 6014 Quonim
835 5956 886 5995 ιιιιι
896 5935 1000 6008 repellet
1008 5932 1132 5988 boninus
1143 5929 1237 6001 piciens
1245 5940 1336 5982 suuni:

545 6058 1092 6217 uppemsuzuemerpoumnnj
1104 6089 1188 6135 eure:
1201 6078 1337 6143 recep

1142 730 1170 784 S.
1191 722 1374 785 stud-stud
1393 725 1541 784 lstuseout

2095 735 2163 791 lead

1374 837 1519 908 jttbiiennts
1534 841 1573 894 iiii
1601 842 1727 909 Quottitnn
1741 844 1765 895 in
1782 860 1857 896 tttttntt
1873 845 1926 915 ejus
1939 847 1945 878 ¹
1959 848 2023 915 finer
2036 857 2125 911 terrae,
2141 861 2165 904 ep

1374 929 1520 985 altitudines
1533 934 1654 985 ritorttiuut
1672 934 1753 1001 ipsius
1764 943 1822 988 suot
1834 950 1843 988 :
1857 935 1883 989 iu
1897 936 1938 991 bis
1953 937 2078 992 ominibus
2090 938 2164 1008 inbi-

1377 1018 1462 1074 lemns
1477 1021 1522 1075 iili.
1540 1023 1664 1086 Qttouinm
1677 1023 1757 1092 ipsius
1769 1034 1805 1078 est
1817 1041 1895 1091 mure,
1911 1025 2000 1097 etipse
2015 1029 2072 1098 serit
2087 1014 2163 1095 ittui,

1374 1120 1399 1165 et
1411 1112 1510 1166 oudam
1523 1123 1616 1167 terrum
1630 1130 1719 1169 ntonua
1731 1115 1786 1185 ejus
1799 1116 1944 1185 finxerunt:
1956 1116 2099 1187 jubilemus
2114 1119 2165 1174 ilii.

1375 1203 1428 1259 Sed
1442 1203 1499 1260 bac
1509 1205 1598 1260 omnia
1609 1205 1672 1275 quid
1685 1205 1736 1262 sibi
1747 1207 1839 1271 velint,
1853 1207 1876 1262 si
1889 1217 2068 1278 congruenter
2077 1209 2168 1268 discu-

1376 1296 1485 1361 tiantur,
1500 1306 1605 1368 tempus
1618 1297 1686 1353 lorte
1701 1313 1753 1353 non
1768 1299 1866 1354 subicit
1877 1316 1884 1354 ι
1896 1299 1943 1355 scd
1954 1317 2045 1358 rursus
2055 1304 2077 1358 si
2090 1305 2166 1373 peui·

1377 1397 1419 1442 tus
1443 1390 1629 1460 negligantur,
1652 1389 1787 1445 debitores
1810 1393 2019 1450 remanebimus.
2045 1395 2167 1452 Breviter

1377 1479 1466 1548 itaque
1488 1495 1535 1550 pro
1558 1490 1696 1550 ternpore,
1711 1490 1838 1551 nutantum
1854 1484 2032 1555 perstringere
2047 1490 2167 1557 potueri-

1377 1588 1448 1639 mus,
1462 1573 1590 1648 accipite;
1603 1575 1663 1644 quia
1678 1586 1704 1630 et
1719 1590 1800 1645 pauca
1811 1577 1912 1631 semina
1924 1577 2085 1636 uberrimam
2096 1596 2169 1637 tues-

1378 1680 1433 1719 sem
1447 1664 1576 1729 relcrunt,
1592 1667 1614 1719 si
1626 1667 1660 1719 sit
1673 1676 1743 1721 terra
1758 1665 1904 1722 iructilcra.

1413 1757 1440 1811 6.
1455 1756 1529 1829 [turs.
1543 1755 1582 1828 5.]
1603 1757 1721 1812 Ριῑιιιιιιιι
1736 1773 1820 1827 quare
1831 1757 1996 1828 jubilemus,
2011 1774 2094 1830 quare
2108 1761 2167 1817 lau·

1378 1846 1481 1912 demus,
1496 1847 1547 1901 iure
1562 1849 1668 1918 posuit:
1684 1848 1810 1916 Quortiutn
1822 1848 1893 1903 Deua
1904 1866 2010 1920 ntogntts
2024 1861 2060 1905 cst
2076 1851 2168 1907 Dorou·

1379 1955 1435 2000 nus,
1448 1947 1471 1992 et
1484 1955 1529 1991 rex
1541 1955 1645 2009 rtropnut
1657 1955 1732 2006 super
1743 1954 1828 1992 ornnes
1838 1939 1909 1992 deos.
1918 1939 1985 1995 Sunt
1998 1956 2061 2010 ergo
2074 1942 2110 1997 dii
2123 1958 2169 1997 su·

1380 2043 1427 2098 per
1438 2043 1505 2098 oritis
1518 2029 1552 2084 sit
1565 2044 1675 2098 itiaguns
1692 2030 1760 2083 Deris
1774 2038 1876 2092 noster,
1892 2030 1933 2084 cui
1951 2026 2110 2100 jubilamus,
2124 2033 2169 2090 cui

1379 2121 1613 2185 exsttlunnus,cui
1636 2120 1726 2175 insides
1749 2120 1845 2174 cantici
1867 2119 1999 2184 dicimus:
2023 2132 2099 2188 suin,
2120 2124 2169 2180 sed

1379 2228 1433 2268 non
1455 2213 1541 2267 txtibis.
1565 2213 1708 2282 Apostolus
1728 2212 1798 2266 cuim
1825 2210 1889 2265 ait:
1911 2230 1920 2263 ι
1944 2211 2010 2266 Num
2032 2214 2082 2269 etsi
2107 2223 2171 2271 sind

1380 2306 1424 2376 qui
1444 2305 1568 2358 «licuntur
1582 2303 1628 2368 dii,
1641 2303 1697 2358 sine
1717 2303 1743 2358 iu
1761 2301 1841 2367 ereio,
1858 2304 1915 2358 sire
1934 2302 1961 2357 in
1982 2311 2063 2371 terra,
2076 2319 2171 2374 quiern-

1381 2394 1523 2449 adnmdutn
1541 2405 1602 2448 snnt
1615 2395 1651 2447 dii
1672 2393 1747 2448 mniti
1762 2403 1788 2448 ci
1803 2392 1904 2448 domini
1920 2394 1996 2448 inuiti
2011 2412 2018 2447 ι
2036 2393 2113 2450 nobis
2128 2405 2169 2451 itt·

1381 2501 1442 2540 mon
1464 2499 1532 2539 uitus
1559 2486 1645 2548 bens,
1661 2501 1692 2538 ex
1707 2498 1761 2554 ono
1773 2483 1878 2549 omnia,
1893 2493 1920 2538 ct
1934 2499 1983 2539 nos
2005 2500 2052 2554 per
2066 2485 2169 2555 ipsum,

1382 2586 1409 2633 et
1427 2593 1494 2631 tontis
1515 2575 1643 2630 botrrinus
1663 2588 1754 2630 noster
1770 2574 1848 2630 lesus
1869 2572 2008 2639 cbristus,
2029 2590 2077 2645 per
2090 2592 2170 2647 quem

1382 2667 1481 2727 ontttia,
1496 2674 1524 2719 et
1538 2680 1586 2720 ntis
1601 2662 1626 2718 in
1640 2665 1698 2734 ipso
1715 2684 1724 2718 ι
1742 2664 1769 2734 (Ι
1784 2663 1843 2719 Cor.
1856 2680 1918 2726 urit,
1934 2664 1981 2720 bet
1993 2664 2009 2720 6
2022 2669 2041 2735 i.
2055 2666 2082 2721 Si
2106 2681 2171 2736 ergo

1383 2771 1435 2810 non
1463 2756 1555 2821 notris,
1572 2754 1691 2825 qttilmsi
1714 2754 1782 2809 baidi
1809 2769 1842 2809 ex
1869 2755 1921 2810 alio
1944 2755 2047 2824 psaluro
2068 2774 2074 2810 :
2098 2757 2171 2825 Quic-

1382 2847 1451 2899 nium
1463 2845 1499 2898 dii
1513 2844 1631 2899 Gentium
1644 2844 1784 2909 dernonim
1804 2842 1926 2898 donnum
1942 2855 2026 2898 cutem
2041 2847 2117 2901 relus
2135 2850 2172 2918 [e-

1383 2942 1416 2995 cit
1430 2939 1516 3014 (Paul.
1527 2954 1589 3004 xcv,
1601 2939 1639 3010 5).
1655 2937 1864 3008 llagniltccntins
1878 2947 1905 2994 et
1917 2939 2024 2993 brevius
2038 2939 2083 2995 tibi
2099 2954 2173 2996 corn·

1384 3033 1510 3087 mertdare
1524 3047 1577 3086 non
1597 3031 1681 3101 potnit
1698 3029 1812 3101 Spiritus
1822 3041 1930 3086 sanctus
1945 3046 1992 3100 per
2007 3031 2169 3102 Prophetiam

1384 3123 1466 3178 betam
1478 3132 1505 3179 et
1519 3122 1658 3177 lionainum
1670 3131 1753 3176 tuum.
1769 3121 1865 3177 Parum
1880 3122 1951 3177 enim
1963 3133 2020 3178 erat
2038 3125 2099 3194 quia
2116 3135 2172 3179 ter·

1383 3212 1468 3269 sibilis
1489 3212 1672 3282 superomnia
1687 3211 1817 3267 demonia
1833 3211 1905 3266 licus
1920 3231 1927 3266 :
1942 3212 2004 3281 quid
2028 3230 2172 3284 maguum,

1384 3320 1444 3361 esse
1456 3303 1634 3374 superomnia
1649 3301 1797 3357 daemonia?
1811 3301 1877 3367 Quia
1891 3302 1926 3356 dii
1941 3301 2056 3357 Ceruium
2071 3306 2171 3360 deuto-

1384 3399 1436 3452 niu.
1452 3396 1500 3454 Ubi
1515 3406 1603 3451 autem
1619 3394 1688 3450 Deus
1704 3393 1781 3449 tunsi
1797 3393 1920 3448 Dotrtinut
1939 3404 2022 3449 autent
2039 3397 2114 3450 toeios
2132 3401 2173 3469 [-

1383 3487 1505 3544 cuntot
1518 3486 1578 3543 lecit
1589 3486 1714 3541 Doctrinus
1728 3492 1798 3549 tuns,
1813 3484 1856 3540 ubi
1870 3499 1921 3540 uon
1933 3495 2043 3555 possunt
2054 3486 2175 3547 babitare

1384 3580 1512 3634 daemonia
1529 3596 1537 3634 :
1552 3577 1585 3633 de
1598 3576 1672 3632 coeiis
1686 3577 1757 3632 enim
1770 3576 1871 3647 dejecta
1883 3577 2095 3634 sunldsetrtonia.
2106 3579 2175 3638 Coeii

1385 3678 1573 3741 praeponuntur·
1586 3668 1735 3732 daemoniis,
1752 3668 1880 3723 Dooiinus
1891 3677 1951 3722 tum
1965 3677 1992 3723 et
2006 3671 2097 3736 coelis;
2112 3672 2174 3742 gutia

1385 3762 1512 3817 bostonus
1526 3772 1585 3816 tuus
1598 3770 1624 3816 ct
1646 3762 1729 3817 coelos
1741 3759 1812 3816 lecit.
1827 3761 1931 3828 Quanto
1945 3776 2009 3832 ergo
2025 3763 2104 3818 altior
2117 3763 2175 3820 du·

1385 3854 1482 3908 moniis
1494 3853 1544 3907 diis
1555 3851 1690 3916 Gentium,
1706 3852 1751 3921 qui
1765 3851 1844 3906 altior
1856 3852 2001 3916 cstcoelis,
2017 3852 2087 3908 unde
2101 3854 2174 3917 ceci·

1385 3945 1482 4000 derttnt
1493 3944 1579 4014 angeli
1592 3985 1600 4011 ,
1615 3953 1643 3999 ιιι
1654 3945 1750 3999 tierent
1763 3940 1917 3998 daemonia?
1933 3944 1964 3997 Et
1980 3953 2067 3999 tamen
2081 3957 2176 4015 gentes

1385 4051 1479 4092 omnes
1489 4034 1539 4091 sub
1549 4034 1715 4090 damonibus
1733 4043 1811 4090 erant
1825 4052 1831 4087 :
1847 4034 2013 4089 daemonibus
2024 4038 2122 4106 templa
2135 4037 2176 4090 la-

1385 4126 1486 4183 bricatu
1501 4135 1571 4192 suut,
1583 4125 1748 4182 demonibus
1761 4141 1816 4181 arae
1825 4133 1996 4192 constructae,
2009 4126 2187 4185 demorsibns·

1386 4219 1539 4275 sacerdotes
1552 4218 1675 4283 instituti,
1689 4217 1854 4274 dauronibus
1865 4216 1954 4272 oblata
1964 4218 2105 4286 sacrificia,
2121 4218 2176 4274 das·

1386 4312 1509 4367 monibus
1523 4309 1655 4380 arreptitii
1670 4317 1794 4379 unquam
1803 4319 1877 4364 nates
1888 4309 1997 4365 inducti.
2011 4311 2072 4366 llaec
2084 4312 2175 4369 οιιιιιίι

1387 4401 1555 4458 demorsibus
1573 4409 1667 4472 gentes
1690 4400 1890 4467 exbibuerunt;
1915 4400 1973 4457 baec
1997 4404 2085 4459 omnia
2112 4418 2178 4461 vera

1387 4495 1493 4551 nonnisi
1509 4494 1553 4550 uni
1568 4508 1665 4564 magno
1677 4493 1732 4548 Deo
1745 4492 1875 4548 debentur
1889 4507 1897 4547 ι
1914 4493 2041 4564 templum
2056 4492 2179 4553 lecerunt

1388 4597 1482 4656 gentes
1501 4585 1686 4661 daemonibus3
1703 4583 1784 4640 babet
1806 4585 1876 4640 licus
1889 4587 2015 4656 templum
2030 4603 2036 4639 :
2051 4585 2179 4642 sacerdo·

1389 4687 1429 4732 tes
1443 4675 1563 4731 lecerunt
1575 4683 1667 4746 gentes
1681 4674 1865 4742 demonibus;
1879 4674 1960 4731 babet
1970 4675 2039 4730 Deus
2049 4676 2179 4732 sacerdo·

1389 4777 1442 4822 tcm
1456 4770 1467 4800 ²
1480 4786 1486 4823 ι
1501 4767 1661 4825 sacrillcium
1683 4766 1860 4822 exbibuerunt
1880 4777 1972 4837 gentes
1993 4766 2178 4835 demonibua3

1389 4857 1469 4913 babet
1479 4858 1549 4912 licus
1562 4855 1732 4914 sacrificium.
1745 4857 1849 4912 Etenim
1861 4858 1898 4913 illi
1908 4858 2044 4914 tenores
2058 4859 2181 4915 solenus

1391 4948 1474 5005 uideri
1484 4947 1520 5004 dii
1532 4989 1540 5015 ,
1552 4963 1605 5004 non
1620 4948 1670 5003 sibi
1693 4951 1743 5004 ista
1761 4949 1898 5021 exigerent
1922 4957 1950 5004 ut
1972 4948 2113 5017 fallerent,
2127 4951 2179 5006 nisi

1389 5041 1450 5110 qttia
1460 5040 1547 5095 sciunt
1556 5054 1587 5095 ea
1601 5038 1693 5095 deberi
1708 5055 1771 5094 vero
1782 5040 1846 5095 beo.
1859 5039 1915 5095 lloc
1926 5041 1997 5095 enim
2010 5055 2068 5096 mos
2081 5053 2122 5096 est
2132 5041 2181 5096 de·

1390 5130 1446 5186 beri
1461 5145 1525 5185 vero
1541 5130 1605 5195 Deo,
1617 5129 1686 5201 quood
1705 5129 1755 5184 sibi
1766 5130 1848 5199 exigit
1862 5130 1942 5185 bdsus
1961 5130 2036 5185 deus.
2050 5131 2121 5200 Ergo
2133 5146 2180 5185 re·

1390 5239 1448 5278 rum
1470 5223 1596 5294 templum
1615 5220 1660 5277 lici
1680 5222 1859 5293 agnoscimus.
1883 5221 2014 5290 Templum
2036 5225 2103 5277 euim
2131 5222 2181 5279 bet

1389 5326 1505 5372 sunctum
1527 5324 1581 5379 est,
1598 5314 1696 5385 inquit,
1709 5313 1778 5385 quod
1794 5314 1853 5369 estis
1866 5329 1909 5368 ros
1922 5313 1944 5385 (l
1958 5313 2018 5368 Cor.
2028 5330 2067 5379 tu,
2082 5313 2139 5387 tl).
2150 5315 2180 5372 st

1390 5421 1454 5477 ergo
1475 5419 1525 5462 nos
1538 5419 1631 5460 stamus
1643 5404 1769 5474 ternplum
1786 5403 1851 5468 liei;
1867 5419 1913 5459 ara
1927 5404 1974 5460 lici
1985 5404 2072 5459 antima
2087 5418 2180 5463 anostra

1390 5505 1441 5552 est.
1465 5492 1631 5552 Sacrrlicium
1657 5494 1703 5549 [tei
1724 5494 1788 5564 quid
1814 5493 1876 5549 esti
1891 5493 1971 5550 l'orte
1995 5493 2046 5550 boc
2068 5493 2181 5550 iacimus

1391 5586 1472 5641 modo
1484 5628 1491 5650 ,
1504 5584 1669 5655 imponimus
1684 5583 1709 5638 in
1724 5598 1769 5639 ara
1782 5584 1942 5640 saerillcium
1953 5626 1962 5652 ,
1973 5584 2080 5655 nuutrdo
2095 5584 2179 5640 Denta

1390 5676 1546 5742 laudamus3
1560 5674 1639 5731 docet
1653 5675 1723 5729 enim
1746 5689 1795 5730 nos
1810 5675 1944 5745 psalmus,
1957 5676 2049 5732 dicens
2063 5694 2071 5732 t
2086 5676 2179 5732 Sueri-

1390 5769 1475 5838 pcium
1485 5767 1568 5822 leudis
1576 5766 1725 5838 plurificudit
1737 5783 1786 5833 me,
1799 5775 1822 5820 et
1833 5767 1867 5821 ibi
1879 5767 1919 5821 rie
1930 5778 1978 5833 est,
1993 5768 2035 5822 ubi
2049 5767 2181 5821 ostendum

1390 5858 1428 5913 illi
1442 5856 1553 5911 solutore
1567 5854 1616 5910 be·
1628 5854 1713 5929 (lut.
1728 5872 1800 5921 xux,
1814 5855 1871 5928 25).
1888 5857 1922 5912 tit
1934 5871 2000 5912 sero
2012 5855 2180 5912 sacerdotem

1421 6011 1578 6124 affilas.
1589 6010 1696 6062 additum
1708 6017 1754 6073 est,
1779 6022 1875 6075 orrmcs;
1886 6011 1950 6076 quod
1960 6008 2055 6062 abaliis
2062 6009 2118 6062 ubl.
2131 6017 2180 6062 cta

1388 6082 1481 6186 ¹¹²¹isio
1492 6110 1545 6186 ttss.
1557 6141 1584 6186 tt
1595 6133 1661 6198 edd,
1673 6134 1818 6185 ικιιιιοιιι.
