<?xml version="1.0" encoding="UTF-8"?>
<!DOCTYPE html PUBLIC "-//W3C//DTD XHTML 1.0 Transitional//EN"
    "http://www.w3.org/TR/xhtml1/DTD/xhtml1-transitional.dtd">
<html xmlns="http://www.w3.org/1999/xhtml" xml:lang="en" lang="en">
 <head>
  <title>
</title>
<meta http-equiv="Content-Type" content="text/html;charset=utf-8" />
  <meta name='ocr-system' content='tesseract 3.04.00' />
  <meta name='ocr-capabilities' content='ocr_page ocr_carea ocr_par ocr_line ocrx_word'/>
</head>
<body>
  <div class='ocr_page' id='page_1' title='image "./patrologiaecurs50migngoog/patrologiaecurs50migngoog_0465.png"; bbox 0 0 5400 7059; ppageno 0'>
   <div class='ocr_carea' id='block_1_1' title="bbox 559 719 629 783">
    <p class='ocr_par' dir='ltr' id='par_1_1' title="bbox 559 719 629 783">
     <span class='ocr_line' id='line_1_1' title="bbox 559 719 629 783; baseline 0.029 -2"><span class='ocrx_word' id='word_1_1' title='bbox 559 719 629 783; x_wconf 70' lang='grc'>1939</span> 
     </span>
    </p>
   </div>
   <div class='ocr_carea' id='block_1_2' title="bbox 538 833 1350 4670">
    <p class='ocr_par' dir='ltr' id='par_1_2' title="bbox 552 833 1350 1365">
     <span class='ocr_line' id='line_1_2' title="bbox 556 833 1349 908; baseline -0.014 -10"><span class='ocrx_word' id='word_1_2' title='bbox 556 840 614 898; x_wconf 78' lang='lat' dir='ltr'>Etsi</span> <span class='ocrx_word' id='word_1_3' title='bbox 628 847 670 896; x_wconf 86' lang='lat' dir='ltr'>est</span> <span class='ocrx_word' id='word_1_4' title='bbox 683 837 771 894; x_wconf 89' lang='lat' dir='ltr'>adhue</span> <span class='ocrx_word' id='word_1_5' title='bbox 780 837 913 908; x_wconf 86' lang='lat' dir='ltr'>gemitus,</span> <span class='ocrx_word' id='word_1_6' title='bbox 926 835 1081 901; x_wconf 88' lang='lat' dir='ltr'>tribulatio,</span> <span class='ocrx_word' id='word_1_7' title='bbox 1097 833 1209 891; x_wconf 77' lang='lat' dir='ltr'>tentabo</span> <span class='ocrx_word' id='word_1_8' title='bbox 1221 850 1229 901; x_wconf 90' lang='lat'>;</span> <span class='ocrx_word' id='word_1_9' title='bbox 1243 841 1349 907; x_wconf 82' lang='lat' dir='ltr'>sperate</span> 
     </span>
     <span class='ocr_line' id='line_1_3' title="bbox 555 926 1350 996; baseline -0.011 -8"><span class='ocrx_word' id='word_1_10' title='bbox 555 933 699 988; x_wconf 83' lang='lat' dir='ltr'>transitura</span> <span class='ocrx_word' id='word_1_11' title='bbox 721 930 809 986; x_wconf 92' lang='lat' dir='ltr'>omnia</span> <span class='ocrx_word' id='word_1_12' title='bbox 821 969 830 995; x_wconf 94' lang='lat'>,</span> <span class='ocrx_word' id='word_1_13' title='bbox 842 938 870 984; x_wconf 91' lang='lat' dir='ltr'>et</span> <span class='ocrx_word' id='word_1_14' title='bbox 891 927 965 983; x_wconf 93' lang='lat' dir='ltr'>illum</span> <span class='ocrx_word' id='word_1_15' title='bbox 980 935 1120 983; x_wconf 83' lang='lat' dir='ltr'>uenturum</span> <span class='ocrx_word' id='word_1_16' title='bbox 1135 927 1206 982; x_wconf 89' lang='lat' dir='ltr'>diem</span> <span class='ocrx_word' id='word_1_17' title='bbox 1227 940 1280 996; x_wconf 83' lang='lat' dir='ltr'>quo</span> <span class='ocrx_word' id='word_1_18' title='bbox 1292 926 1350 979; x_wconf 90' lang='lat' dir='ltr'>sinc</span> 
     </span>
     <span class='ocr_line' id='line_1_4' title="bbox 554 1019 1348 1090; baseline -0.008 -11"><span class='ocrx_word' id='word_1_19' title='bbox 554 1022 661 1081; x_wconf 85' lang='lat' dir='ltr'>delectu</span> <span class='ocrx_word' id='word_1_20' title='bbox 687 1021 865 1077; x_wconf 79' lang='lat' dir='ltr'><strong>laudabimus.</strong></span> <span class='ocrx_word' id='word_1_21' title='bbox 891 1020 962 1076; x_wconf 84' lang='lat' dir='ltr'>Ecce</span> <span class='ocrx_word' id='word_1_22' title='bbox 985 1021 1036 1076; x_wconf 90' lang='lat' dir='ltr'>iste</span> <span class='ocrx_word' id='word_1_23' title='bbox 1062 1021 1199 1090; x_wconf 90' lang='lat' dir='ltr'>psalmus,</span> <span class='ocrx_word' id='word_1_24' title='bbox 1222 1019 1348 1090; x_wconf 84' lang='lat' dir='ltr'>quoniam</span> 
     </span>
     <span class='ocr_line' id='line_1_5' title="bbox 554 1110 1347 1178; baseline -0.006 -10"><span class='ocrx_word' id='word_1_25' title='bbox 554 1113 711 1169; x_wconf 75' lang='lat' dir='ltr'>manifestus</span> <span class='ocrx_word' id='word_1_26' title='bbox 730 1121 790 1178; x_wconf 90' lang='lat' dir='ltr'>est,</span> <span class='ocrx_word' id='word_1_27' title='bbox 807 1112 955 1167; x_wconf 90' lang='lat' dir='ltr'>currendus</span> <span class='ocrx_word' id='word_1_28' title='bbox 969 1119 1010 1167; x_wconf 88' lang='lat' dir='ltr'>est</span> <span class='ocrx_word' id='word_1_29' title='bbox 1024 1111 1111 1166; x_wconf 92' lang='lat' dir='ltr'>aobis.</span> <span class='ocrx_word' id='word_1_30' title='bbox 1128 1110 1266 1166; x_wconf 78' lang='lat' dir='ltr'>Distribuit</span> <span class='ocrx_word' id='word_1_31' title='bbox 1277 1111 1347 1164; x_wconf 91' lang='lat' dir='ltr'>enim</span> 
     </span>
     <span class='ocr_line' id='line_1_6' title="bbox 553 1204 1346 1274; baseline -0.003 -15"><span class='ocrx_word' id='word_1_32' title='bbox 553 1205 706 1260; x_wconf 76' lang='lat' dir='ltr'>uniuersam</span> <span class='ocrx_word' id='word_1_33' title='bbox 719 1213 869 1258; x_wconf 89' lang='lat' dir='ltr'>ereaturam</span> <span class='ocrx_word' id='word_1_34' title='bbox 887 1204 1040 1259; x_wconf 76' lang='lat' dir='ltr'>laudantem</span> <span class='ocrx_word' id='word_1_35' title='bbox 1056 1204 1159 1272; x_wconf 86' lang='lat' dir='ltr'>heum,</span> <span class='ocrx_word' id='word_1_36' title='bbox 1174 1213 1201 1259; x_wconf 89' lang='lat' dir='ltr'>et</span> <span class='ocrx_word' id='word_1_37' title='bbox 1222 1212 1346 1274; x_wconf 83' lang='lat' dir='ltr'>tanquam</span> 
     </span>
     <span class='ocr_line' id='line_1_7' title="bbox 552 1294 1223 1365; baseline 0 -16"><span class='ocrx_word' id='word_1_38' title='bbox 552 1294 677 1351; x_wconf 81' lang='lat' dir='ltr'>hortatur</span> <span class='ocrx_word' id='word_1_39' title='bbox 690 1304 718 1349; x_wconf 91' lang='lat' dir='ltr'>nt</span> <span class='ocrx_word' id='word_1_40' title='bbox 731 1295 831 1360; x_wconf 90' lang='lat' dir='ltr'>larulet,</span> <span class='ocrx_word' id='word_1_41' title='bbox 846 1295 920 1365; x_wconf 84' lang='lat' dir='ltr'>qrrasi</span> <span class='ocrx_word' id='word_1_42' title='bbox 936 1295 1069 1350; x_wconf 83' lang='lat' dir='ltr'>inuenerit</span> <span class='ocrx_word' id='word_1_43' title='bbox 1081 1303 1223 1350; x_wconf 87' lang='lat' dir='ltr'>tacentem.</span> 
     </span>
    </p>

    <p class='ocr_par' dir='ltr' id='par_1_3' title="bbox 538 1387 1348 4670">
     <span class='ocr_line' id='line_1_8' title="bbox 590 1387 1346 1455; baseline -0.005 -11"><span class='ocrx_word' id='word_1_44' title='bbox 590 1390 617 1444; x_wconf 77' lang='lat'>5.</span> <span class='ocrx_word' id='word_1_45' title='bbox 642 1387 757 1442; x_wconf 76' lang='lat' dir='ltr'>braidam</span> <span class='ocrx_word' id='word_1_46' title='bbox 770 1388 906 1442; x_wconf 79' lang='lat' dir='ltr'>baratinam</span> <span class='ocrx_word' id='word_1_47' title='bbox 921 1389 952 1444; x_wconf 81' lang='lat' dir='ltr'>de</span> <span class='ocrx_word' id='word_1_48' title='bbox 965 1389 1044 1442; x_wconf 80' lang='lat' dir='ltr'>coelr&#39;a.</span> <span class='ocrx_word' id='word_1_49' title='bbox 1060 1387 1139 1455; x_wconf 80' lang='lat' dir='ltr'>Quasi</span> <span class='ocrx_word' id='word_1_50' title='bbox 1161 1387 1292 1443; x_wconf 83' lang='lat' dir='ltr'>inuenerit</span> <span class='ocrx_word' id='word_1_51' title='bbox 1305 1397 1346 1441; x_wconf 89' lang='lat' dir='ltr'>ta·</span> 
     </span>
     <span class='ocr_line' id='line_1_9' title="bbox 551 1479 1348 1548; baseline -0.006 -11"><span class='ocrx_word' id='word_1_52' title='bbox 551 1490 644 1537; x_wconf 85' lang='lat' dir='ltr'>centes</span> <span class='ocrx_word' id='word_1_53' title='bbox 657 1481 682 1535; x_wconf 93' lang='lat' dir='ltr'>in</span> <span class='ocrx_word' id='word_1_54' title='bbox 694 1481 769 1536; x_wconf 82' lang='lat' dir='ltr'>coelis</span> <span class='ocrx_word' id='word_1_55' title='bbox 780 1481 884 1535; x_wconf 89' lang='lat' dir='ltr'>laudern</span> <span class='ocrx_word' id='word_1_56' title='bbox 898 1480 1014 1546; x_wconf 87' lang='lat' dir='ltr'>Domini,</span> <span class='ocrx_word' id='word_1_57' title='bbox 1029 1479 1186 1535; x_wconf 75' lang='lat' dir='ltr'>exhortatur</span> <span class='ocrx_word' id='word_1_58' title='bbox 1198 1487 1227 1534; x_wconf 93' lang='lat' dir='ltr'>ut</span> <span class='ocrx_word' id='word_1_59' title='bbox 1238 1486 1348 1548; x_wconf 89' lang='lat' dir='ltr'>surgant</span> 
     </span>
     <span class='ocr_line' id='line_1_10' title="bbox 551 1569 1346 1642; baseline -0.006 -15"><span class='ocrx_word' id='word_1_60' title='bbox 551 1582 580 1627; x_wconf 89' lang='lat' dir='ltr'>et</span> <span class='ocrx_word' id='word_1_61' title='bbox 592 1571 702 1627; x_wconf 88' lang='lat' dir='ltr'>laudent</span> <span class='ocrx_word' id='word_1_62' title='bbox 731 1572 873 1642; x_wconf 80' lang='lat' dir='ltr'>Nunquam</span> <span class='ocrx_word' id='word_1_63' title='bbox 894 1572 1013 1628; x_wconf 77' lang='lat' dir='ltr'>coelestia</span> <span class='ocrx_word' id='word_1_64' title='bbox 1029 1570 1120 1626; x_wconf 87' lang='lat' dir='ltr'>laudes</span> <span class='ocrx_word' id='word_1_65' title='bbox 1138 1569 1291 1625; x_wconf 85' lang='lat' dir='ltr'>Conditoris</span> <span class='ocrx_word' id='word_1_66' title='bbox 1305 1569 1346 1623; x_wconf 89' lang='lat' dir='ltr'>sui</span> 
     </span>
     <span class='ocr_line' id='line_1_11' title="bbox 551 1661 1346 1734; baseline -0.008 -13"><span class='ocrx_word' id='word_1_67' title='bbox 551 1672 708 1728; x_wconf 79' lang='lat' dir='ltr'>tacuerunt,</span> <span class='ocrx_word' id='word_1_68' title='bbox 722 1680 856 1734; x_wconf 83' lang='lat' dir='ltr'>rmaquanr</span> <span class='ocrx_word' id='word_1_69' title='bbox 876 1664 1010 1719; x_wconf 87' lang='lat' dir='ltr'>terrestria</span> <span class='ocrx_word' id='word_1_70' title='bbox 1026 1663 1110 1717; x_wconf 87' lang='lat' dir='ltr'>Deum</span> <span class='ocrx_word' id='word_1_71' title='bbox 1129 1661 1238 1716; x_wconf 86' lang='lat' dir='ltr'>laudare</span> <span class='ocrx_word' id='word_1_72' title='bbox 1257 1675 1346 1716; x_wconf 88' lang='lat' dir='ltr'>cessa-</span> 
     </span>
     <span class='ocr_line' id='line_1_12' title="bbox 550 1753 1345 1826; baseline -0.009 -12"><span class='ocrx_word' id='word_1_73' title='bbox 550 1768 623 1814; x_wconf 82' lang='lat' dir='ltr'>runt.</span> <span class='ocrx_word' id='word_1_74' title='bbox 644 1757 697 1813; x_wconf 85' lang='lat' dir='ltr'>Sed</span> <span class='ocrx_word' id='word_1_75' title='bbox 716 1758 793 1826; x_wconf 88' lang='lat' dir='ltr'>plane</span> <span class='ocrx_word' id='word_1_76' title='bbox 814 1766 876 1810; x_wconf 85' lang='lat' dir='ltr'>srtrrt</span> <span class='ocrx_word' id='word_1_77' title='bbox 898 1755 1019 1826; x_wconf 80' lang='lat' dir='ltr'>qrratlam</span> <span class='ocrx_word' id='word_1_78' title='bbox 1034 1771 1093 1826; x_wconf 78' lang='lat' dir='ltr'>quac</span> <span class='ocrx_word' id='word_1_79' title='bbox 1107 1754 1207 1809; x_wconf 92' lang='lat' dir='ltr'>habent</span> <span class='ocrx_word' id='word_1_80' title='bbox 1222 1753 1345 1822; x_wconf 86' lang='lat' dir='ltr'>spiritum</span> 
     </span>
     <span class='ocr_line' id='line_1_13' title="bbox 550 1842 1345 1915; baseline -0.005 -12"><span class='ocrx_word' id='word_1_81' title='bbox 550 1848 675 1904; x_wconf 81' lang='lat' dir='ltr'>laridandi</span> <span class='ocrx_word' id='word_1_82' title='bbox 691 1849 774 1903; x_wconf 87' lang='lat' dir='ltr'>Dcurn</span> <span class='ocrx_word' id='word_1_83' title='bbox 789 1849 815 1901; x_wconf 92' lang='lat' dir='ltr'>iu</span> <span class='ocrx_word' id='word_1_84' title='bbox 829 1862 861 1902; x_wconf 90' lang='lat' dir='ltr'>eo</span> <span class='ocrx_word' id='word_1_85' title='bbox 873 1846 969 1902; x_wconf 86' lang='lat' dir='ltr'>allecta</span> <span class='ocrx_word' id='word_1_86' title='bbox 984 1860 1035 1915; x_wconf 85' lang='lat' dir='ltr'>quo</span> <span class='ocrx_word' id='word_1_87' title='bbox 1046 1845 1084 1900; x_wconf 91' lang='lat' dir='ltr'>eis</span> <span class='ocrx_word' id='word_1_88' title='bbox 1097 1846 1182 1915; x_wconf 91' lang='lat' dir='ltr'>placet</span> <span class='ocrx_word' id='word_1_89' title='bbox 1198 1845 1277 1899; x_wconf 86' lang='lat' dir='ltr'>Deus.</span> <span class='ocrx_word' id='word_1_90' title='bbox 1293 1842 1345 1899; x_wconf 81' lang='lat' dir='ltr'>Ne·</span> 
     </span>
     <span class='ocr_line' id='line_1_14' title="bbox 549 1936 1343 2010; baseline -0.01 -13"><span class='ocrx_word' id='word_1_91' title='bbox 549 1956 596 1998; x_wconf 78' lang='lat' dir='ltr'>no</span> <span class='ocrx_word' id='word_1_92' title='bbox 606 1943 678 1997; x_wconf 90' lang='lat' dir='ltr'>enim</span> <span class='ocrx_word' id='word_1_93' title='bbox 690 1940 795 2006; x_wconf 88' lang='lat' dir='ltr'>laudat,</span> <span class='ocrx_word' id='word_1_94' title='bbox 812 1940 862 1994; x_wconf 87' lang='lat' dir='ltr'>nisi</span> <span class='ocrx_word' id='word_1_95' title='bbox 876 1936 946 2010; x_wconf 86' lang='lat' dir='ltr'>quod</span> <span class='ocrx_word' id='word_1_96' title='bbox 961 1939 985 1994; x_wconf 91' lang='lat' dir='ltr'>ei</span> <span class='ocrx_word' id='word_1_97' title='bbox 1000 1938 1096 2008; x_wconf 87' lang='lat' dir='ltr'>placet.</span> <span class='ocrx_word' id='word_1_98' title='bbox 1111 1937 1178 1993; x_wconf 89' lang='lat' dir='ltr'>Sunt</span> <span class='ocrx_word' id='word_1_99' title='bbox 1189 1945 1278 1992; x_wconf 90' lang='lat' dir='ltr'>autern</span> <span class='ocrx_word' id='word_1_100' title='bbox 1292 1937 1343 1991; x_wconf 88' lang='lat' dir='ltr'>alia</span> 
     </span>
     <span class='ocr_line' id='line_1_15' title="bbox 549 2026 1343 2102; baseline -0.01 -14"><span class='ocrx_word' id='word_1_101' title='bbox 549 2046 610 2102; x_wconf 78' lang='lat' dir='ltr'>quae</span> <span class='ocrx_word' id='word_1_102' title='bbox 622 2032 744 2102; x_wconf 87' lang='lat' dir='ltr'>spiritum</span> <span class='ocrx_word' id='word_1_103' title='bbox 756 2032 816 2085; x_wconf 70' lang='lat' dir='ltr'>ritae</span> <span class='ocrx_word' id='word_1_104' title='bbox 828 2039 855 2086; x_wconf 90' lang='lat' dir='ltr'>et</span> <span class='ocrx_word' id='word_1_105' title='bbox 867 2030 1031 2085; x_wconf 90' lang='lat' dir='ltr'>intellectum</span> <span class='ocrx_word' id='word_1_106' title='bbox 1042 2027 1075 2082; x_wconf 89' lang='lat' dir='ltr'>ad</span> <span class='ocrx_word' id='word_1_107' title='bbox 1086 2026 1246 2082; x_wconf 87' lang='lat' dir='ltr'>laudandum</span> <span class='ocrx_word' id='word_1_108' title='bbox 1260 2027 1343 2081; x_wconf 83' lang='lat' dir='ltr'>ileum</span> 
     </span>
     <span class='ocr_line' id='line_1_16' title="bbox 549 2115 1343 2191; baseline -0.011 -13"><span class='ocrx_word' id='word_1_109' title='bbox 549 2137 603 2178; x_wconf 82' lang='lat' dir='ltr'>non</span> <span class='ocrx_word' id='word_1_110' title='bbox 617 2121 715 2177; x_wconf 90' lang='lat' dir='ltr'>habent</span> <span class='ocrx_word' id='word_1_111' title='bbox 727 2162 735 2188; x_wconf 95' lang='lat'>,</span> <span class='ocrx_word' id='word_1_112' title='bbox 749 2121 796 2176; x_wconf 88' lang='lat' dir='ltr'>sed</span> <span class='ocrx_word' id='word_1_113' title='bbox 811 2121 873 2191; x_wconf 80' lang='lat' dir='ltr'>qrria</span> <span class='ocrx_word' id='word_1_114' title='bbox 884 2131 910 2175; x_wconf 92' lang='lat' dir='ltr'>et</span> <span class='ocrx_word' id='word_1_115' title='bbox 921 2121 977 2190; x_wconf 93' lang='lat' dir='ltr'>ipsa</span> <span class='ocrx_word' id='word_1_116' title='bbox 993 2119 1061 2173; x_wconf 89' lang='lat' dir='ltr'>bono</span> <span class='ocrx_word' id='word_1_117' title='bbox 1072 2127 1133 2172; x_wconf 92' lang='lat' dir='ltr'>suat</span> <span class='ocrx_word' id='word_1_118' title='bbox 1147 2159 1153 2180; x_wconf 88' lang='lat'>,</span> <span class='ocrx_word' id='word_1_119' title='bbox 1168 2127 1194 2170; x_wconf 88' lang='lat' dir='ltr'>ct</span> <span class='ocrx_word' id='word_1_120' title='bbox 1207 2117 1234 2170; x_wconf 91' lang='lat' dir='ltr'>ia</span> <span class='ocrx_word' id='word_1_121' title='bbox 1249 2115 1343 2170; x_wconf 84' lang='lat' dir='ltr'>ordine</span> 
     </span>
     <span class='ocr_line' id='line_1_17' title="bbox 549 2206 1342 2284; baseline -0.013 -15"><span class='ocrx_word' id='word_1_122' title='bbox 549 2228 599 2269; x_wconf 79' lang='lat' dir='ltr'>auo</span> <span class='ocrx_word' id='word_1_123' title='bbox 613 2214 714 2284; x_wconf 89' lang='lat' dir='ltr'>integre</span> <span class='ocrx_word' id='word_1_124' title='bbox 726 2212 854 2283; x_wconf 75' lang='lat' dir='ltr'>disposita</span> <span class='ocrx_word' id='word_1_125' title='bbox 866 2253 873 2277; x_wconf 88' lang='lat'>,</span> <span class='ocrx_word' id='word_1_126' title='bbox 887 2209 958 2266; x_wconf 92' lang='lat' dir='ltr'>etad</span> <span class='ocrx_word' id='word_1_127' title='bbox 975 2208 1197 2280; x_wconf 89' lang='lat' dir='ltr'>pulchritudinem</span> <span class='ocrx_word' id='word_1_128' title='bbox 1211 2206 1342 2260; x_wconf 85' lang='lat' dir='ltr'>rrnirersi·</span> 
     </span>
     <span class='ocr_line' id='line_1_18' title="bbox 549 2295 1341 2372; baseline -0.014 -12"><span class='ocrx_word' id='word_1_129' title='bbox 549 2304 611 2361; x_wconf 79' lang='lat' dir='ltr'>tatis</span> <span class='ocrx_word' id='word_1_130' title='bbox 632 2303 786 2359; x_wconf 84' lang='lat' dir='ltr'>reseruntur</span> <span class='ocrx_word' id='word_1_131' title='bbox 798 2344 805 2368; x_wconf 89' lang='lat'>,</span> <span class='ocrx_word' id='word_1_132' title='bbox 817 2317 896 2372; x_wconf 84' lang='lat' dir='ltr'>quam</span> <span class='ocrx_word' id='word_1_133' title='bbox 917 2299 1035 2355; x_wconf 89' lang='lat' dir='ltr'>condidit</span> <span class='ocrx_word' id='word_1_134' title='bbox 1056 2299 1143 2362; x_wconf 84' lang='lat' dir='ltr'>Dcrrs;</span> <span class='ocrx_word' id='word_1_135' title='bbox 1158 2298 1214 2368; x_wconf 76' lang='lat' dir='ltr'>ipsa</span> <span class='ocrx_word' id='word_1_136' title='bbox 1234 2295 1341 2366; x_wconf 87' lang='lat' dir='ltr'>quidem</span> 
     </span>
     <span class='ocr_line' id='line_1_19' title="bbox 548 2387 1341 2466; baseline -0.013 -15"><span class='ocrx_word' id='word_1_137' title='bbox 548 2409 599 2466; x_wconf 91' lang='lat' dir='ltr'>per</span> <span class='ocrx_word' id='word_1_138' title='bbox 612 2409 641 2450; x_wconf 85' lang='lat' dir='ltr'>ae</span> <span class='ocrx_word' id='word_1_139' title='bbox 653 2409 718 2449; x_wconf 79' lang='lat' dir='ltr'>socc</span> <span class='ocrx_word' id='word_1_140' title='bbox 730 2408 777 2449; x_wconf 88' lang='lat' dir='ltr'>sua</span> <span class='ocrx_word' id='word_1_141' title='bbox 790 2403 816 2447; x_wconf 92' lang='lat' dir='ltr'>ct</span> <span class='ocrx_word' id='word_1_142' title='bbox 826 2392 907 2448; x_wconf 86' lang='lat' dir='ltr'>eorde</span> <span class='ocrx_word' id='word_1_143' title='bbox 921 2406 970 2445; x_wconf 82' lang='lat' dir='ltr'>suo</span> <span class='ocrx_word' id='word_1_144' title='bbox 983 2405 1037 2446; x_wconf 93' lang='lat' dir='ltr'>non</span> <span class='ocrx_word' id='word_1_145' title='bbox 1052 2389 1161 2444; x_wconf 90' lang='lat' dir='ltr'>laudant</span> <span class='ocrx_word' id='word_1_146' title='bbox 1174 2388 1257 2443; x_wconf 82' lang='lat' dir='ltr'>[terrm</span> <span class='ocrx_word' id='word_1_147' title='bbox 1271 2404 1277 2451; x_wconf 91' lang='lat'>;</span> <span class='ocrx_word' id='word_1_148' title='bbox 1294 2387 1341 2442; x_wconf 91' lang='lat' dir='ltr'>scd</span> 
     </span>
     <span class='ocr_line' id='line_1_20' title="bbox 548 2479 1340 2558; baseline -0.015 -12"><span class='ocrx_word' id='word_1_149' title='bbox 548 2502 609 2545; x_wconf 86' lang='lat' dir='ltr'>cunr</span> <span class='ocrx_word' id='word_1_150' title='bbox 622 2489 656 2544; x_wconf 90' lang='lat' dir='ltr'>ab</span> <span class='ocrx_word' id='word_1_151' title='bbox 667 2487 874 2558; x_wconf 74' lang='lat' dir='ltr'>intelligentibus</span> <span class='ocrx_word' id='word_1_152' title='bbox 885 2485 1099 2548; x_wconf 80' lang='lat' dir='ltr'>considerautur,</span> <span class='ocrx_word' id='word_1_153' title='bbox 1113 2498 1160 2554; x_wconf 92' lang='lat' dir='ltr'>per</span> <span class='ocrx_word' id='word_1_154' title='bbox 1175 2482 1230 2552; x_wconf 81' lang='lat' dir='ltr'>ipsa</span> <span class='ocrx_word' id='word_1_155' title='bbox 1246 2479 1340 2534; x_wconf 91' lang='lat' dir='ltr'>lauda·</span> 
     </span>
     <span class='ocr_line' id='line_1_21' title="bbox 547 2560 1339 2647; baseline -0.011 -12"><span class='ocrx_word' id='word_1_156' title='bbox 547 2579 626 2635; x_wconf 79' lang='lat' dir='ltr'>taam</span> <span class='ocrx_word' id='word_1_157' title='bbox 643 2579 729 2643; x_wconf 73' lang='lat' dir='ltr'>heus,</span> <span class='ocrx_word' id='word_1_158' title='bbox 741 2588 768 2633; x_wconf 93' lang='lat' dir='ltr'>ct</span> <span class='ocrx_word' id='word_1_159' title='bbox 780 2593 841 2633; x_wconf 89' lang='lat' dir='ltr'>cam</span> <span class='ocrx_word' id='word_1_160' title='bbox 853 2593 901 2647; x_wconf 93' lang='lat' dir='ltr'>per</span> <span class='ocrx_word' id='word_1_161' title='bbox 914 2577 971 2647; x_wconf 86' lang='lat' dir='ltr'>ipsa</span> <span class='ocrx_word' id='word_1_162' title='bbox 982 2574 1106 2630; x_wconf 88' lang='lat' dir='ltr'>laudatur</span> <span class='ocrx_word' id='word_1_163' title='bbox 1120 2560 1209 2638; x_wconf 79' lang='lat' dir='ltr'>bens,</span> <span class='ocrx_word' id='word_1_164' title='bbox 1223 2572 1339 2644; x_wconf 90' lang='lat' dir='ltr'>quodam</span> 
     </span>
     <span class='ocr_line' id='line_1_22' title="bbox 546 2663 1341 2740; baseline -0.01 -14"><span class='ocrx_word' id='word_1_165' title='bbox 546 2669 628 2726; x_wconf 69' lang='lat' dir='ltr'>notio</span> <span class='ocrx_word' id='word_1_166' title='bbox 649 2678 676 2726; x_wconf 94' lang='lat' dir='ltr'>et</span> <span class='ocrx_word' id='word_1_167' title='bbox 698 2670 754 2740; x_wconf 89' lang='lat' dir='ltr'>ipsa</span> <span class='ocrx_word' id='word_1_168' title='bbox 769 2669 877 2724; x_wconf 87' lang='lat' dir='ltr'>laudant</span> <span class='ocrx_word' id='word_1_169' title='bbox 896 2669 990 2723; x_wconf 87' lang='lat' dir='ltr'>beura.</span> <span class='ocrx_word' id='word_1_170' title='bbox 1013 2666 1091 2721; x_wconf 85' lang='lat' dir='ltr'>l&#39;erbi</span> <span class='ocrx_word' id='word_1_171' title='bbox 1112 2665 1216 2736; x_wconf 88' lang='lat' dir='ltr'>gratia,</span> <span class='ocrx_word' id='word_1_172' title='bbox 1232 2663 1341 2719; x_wconf 90' lang='lat' dir='ltr'>landant</span> 
     </span>
     <span class='ocr_line' id='line_1_23' title="bbox 546 2755 1340 2829; baseline -0.008 -13"><span class='ocrx_word' id='word_1_173' title='bbox 546 2760 631 2817; x_wconf 85' lang='lat' dir='ltr'>ileum</span> <span class='ocrx_word' id='word_1_174' title='bbox 654 2761 680 2815; x_wconf 92' lang='lat' dir='ltr'>in</span> <span class='ocrx_word' id='word_1_175' title='bbox 697 2760 765 2816; x_wconf 81' lang='lat' dir='ltr'>coelo</span> <span class='ocrx_word' id='word_1_176' title='bbox 783 2760 872 2815; x_wconf 90' lang='lat' dir='ltr'>onrnia</span> <span class='ocrx_word' id='word_1_177' title='bbox 894 2773 954 2829; x_wconf 74' lang='lat' dir='ltr'>quaa</span> <span class='ocrx_word' id='word_1_178' title='bbox 974 2757 1071 2812; x_wconf 90' lang='lat' dir='ltr'>babent</span> <span class='ocrx_word' id='word_1_179' title='bbox 1087 2756 1209 2826; x_wconf 84' lang='lat' dir='ltr'>spiritum</span> <span class='ocrx_word' id='word_1_180' title='bbox 1227 2755 1298 2822; x_wconf 81' lang='lat' dir='ltr'>ritu,</span> <span class='ocrx_word' id='word_1_181' title='bbox 1312 2764 1340 2810; x_wconf 91' lang='lat' dir='ltr'>et</span> 
     </span>
     <span class='ocr_line' id='line_1_24' title="bbox 545 2846 1339 2921; baseline -0.009 -14"><span class='ocrx_word' id='word_1_182' title='bbox 545 2851 708 2908; x_wconf 89' lang='lat' dir='ltr'>intellectum</span> <span class='ocrx_word' id='word_1_183' title='bbox 721 2867 816 2921; x_wconf 92' lang='lat' dir='ltr'>parurn</span> <span class='ocrx_word' id='word_1_184' title='bbox 827 2849 861 2904; x_wconf 88' lang='lat' dir='ltr'>ad</span> <span class='ocrx_word' id='word_1_185' title='bbox 872 2865 933 2905; x_wconf 90' lang='lat' dir='ltr'>eum</span> <span class='ocrx_word' id='word_1_186' title='bbox 944 2847 1180 2917; x_wconf 89' lang='lat' dir='ltr'>contemplandum</span> <span class='ocrx_word' id='word_1_187' title='bbox 1190 2855 1218 2903; x_wconf 91' lang='lat' dir='ltr'>et</span> <span class='ocrx_word' id='word_1_188' title='bbox 1230 2848 1288 2902; x_wconf 89' lang='lat' dir='ltr'>sine</span> <span class='ocrx_word' id='word_1_189' title='bbox 1298 2846 1339 2900; x_wconf 88' lang='lat' dir='ltr'>la·</span> 
     </span>
     <span class='ocr_line' id='line_1_25' title="bbox 544 2939 1338 3012; baseline -0.008 -13"><span class='ocrx_word' id='word_1_190' title='bbox 544 2943 625 2999; x_wconf 80' lang='lat' dir='ltr'>atltlio</span> <span class='ocrx_word' id='word_1_191' title='bbox 638 2952 666 2998; x_wconf 93' lang='lat' dir='ltr'>ct</span> <span class='ocrx_word' id='word_1_192' title='bbox 677 2942 782 2998; x_wconf 84' lang='lat' dir='ltr'>delectu</span> <span class='ocrx_word' id='word_1_193' title='bbox 795 2941 968 3012; x_wconf 87' lang='lat' dir='ltr'>diligendum.</span> <span class='ocrx_word' id='word_1_194' title='bbox 981 2939 1102 2995; x_wconf 80' lang='lat' dir='ltr'>haurdant</span> <span class='ocrx_word' id='word_1_195' title='bbox 1113 2949 1202 2994; x_wconf 80' lang='lat' dir='ltr'>atatem</span> <span class='ocrx_word' id='word_1_196' title='bbox 1215 2940 1297 2993; x_wconf 80' lang='lat' dir='ltr'>{teum</span> <span class='ocrx_word' id='word_1_197' title='bbox 1311 2939 1338 2993; x_wconf 96' lang='lat' dir='ltr'>in</span> 
     </span>
     <span class='ocr_line' id='line_1_26' title="bbox 544 3031 1335 3106; baseline -0.01 -14"><span class='ocrx_word' id='word_1_198' title='bbox 544 3044 614 3092; x_wconf 85' lang='lat' dir='ltr'>terra</span> <span class='ocrx_word' id='word_1_199' title='bbox 634 3050 681 3106; x_wconf 94' lang='lat' dir='ltr'>pcr</span> <span class='ocrx_word' id='word_1_200' title='bbox 700 3034 864 3090; x_wconf 90' lang='lat' dir='ltr'>intellectum</span> <span class='ocrx_word' id='word_1_201' title='bbox 882 3032 1052 3089; x_wconf 89' lang='lat' dir='ltr'>discernendi</span> <span class='ocrx_word' id='word_1_202' title='bbox 1067 3032 1165 3087; x_wconf 90' lang='lat' dir='ltr'>bonum</span> <span class='ocrx_word' id='word_1_203' title='bbox 1177 3039 1206 3086; x_wconf 94' lang='lat' dir='ltr'>et</span> <span class='ocrx_word' id='word_1_204' title='bbox 1219 3031 1335 3098; x_wconf 91' lang='lat' dir='ltr'>malum,</span> 
     </span>
     <span class='ocr_line' id='line_1_27' title="bbox 542 3123 1334 3200; baseline -0.01 -17"><span class='ocrx_word' id='word_1_205' title='bbox 542 3142 593 3200; x_wconf 76' lang='lat' dir='ltr'>per</span> <span class='ocrx_word' id='word_1_206' title='bbox 604 3127 765 3183; x_wconf 88' lang='lat' dir='ltr'>intellectura</span> <span class='ocrx_word' id='word_1_207' title='bbox 779 3125 957 3197; x_wconf 83' lang='lat' dir='ltr'>cognoscendi</span> <span class='ocrx_word' id='word_1_208' title='bbox 970 3133 1120 3180; x_wconf 88' lang='lat' dir='ltr'>creaturam</span> <span class='ocrx_word' id='word_1_209' title='bbox 1133 3132 1160 3178; x_wconf 92' lang='lat' dir='ltr'>ct</span> <span class='ocrx_word' id='word_1_210' title='bbox 1170 3123 1334 3185; x_wconf 85' lang='lat' dir='ltr'>Creatorem,</span> 
     </span>
     <span class='ocr_line' id='line_1_28' title="bbox 543 3212 1335 3287; baseline -0.006 -14"><span class='ocrx_word' id='word_1_211' title='bbox 543 3217 666 3274; x_wconf 79' lang='lat' dir='ltr'>homines</span> <span class='ocrx_word' id='word_1_212' title='bbox 690 3217 733 3287; x_wconf 80' lang='lat' dir='ltr'>qui</span> <span class='ocrx_word' id='word_1_213' title='bbox 755 3218 804 3272; x_wconf 86' lang='lat' dir='ltr'>ista</span> <span class='ocrx_word' id='word_1_214' title='bbox 824 3217 958 3286; x_wconf 91' lang='lat' dir='ltr'>cogitant,</span> <span class='ocrx_word' id='word_1_215' title='bbox 974 3215 1072 3286; x_wconf 87' lang='lat' dir='ltr'>quibus</span> <span class='ocrx_word' id='word_1_216' title='bbox 1096 3213 1188 3268; x_wconf 86' lang='lat' dir='ltr'>tribuit</span> <span class='ocrx_word' id='word_1_217' title='bbox 1209 3212 1335 3268; x_wconf 85' lang='lat' dir='ltr'>llominus</span> 
     </span>
     <span class='ocr_line' id='line_1_29' title="bbox 544 3301 1334 3373; baseline -0.011 -9"><span class='ocrx_word' id='word_1_218' title='bbox 544 3316 662 3364; x_wconf 82' lang='lat' dir='ltr'>mentera</span> <span class='ocrx_word' id='word_1_219' title='bbox 676 3305 845 3362; x_wconf 87' lang='lat' dir='ltr'>discernendi</span> <span class='ocrx_word' id='word_1_220' title='bbox 859 3305 924 3372; x_wconf 84' lang='lat' dir='ltr'>ista,</span> <span class='ocrx_word' id='word_1_221' title='bbox 938 3304 1089 3361; x_wconf 80' lang='lat' dir='ltr'>delectandi</span> <span class='ocrx_word' id='word_1_222' title='bbox 1106 3313 1185 3373; x_wconf 77' lang='lat' dir='ltr'>arrpue</span> <span class='ocrx_word' id='word_1_223' title='bbox 1200 3301 1334 3356; x_wconf 86' lang='lat' dir='ltr'>laudandi.</span> 
     </span>
     <span class='ocr_line' id='line_1_30' title="bbox 543 3394 1334 3471; baseline -0.006 -16"><span class='ocrx_word' id='word_1_224' title='bbox 543 3400 671 3456; x_wconf 84' lang='lat' dir='ltr'>llamincs</span> <span class='ocrx_word' id='word_1_225' title='bbox 695 3406 805 3471; x_wconf 86' lang='lat' dir='ltr'>possunt</span> <span class='ocrx_word' id='word_1_226' title='bbox 827 3417 833 3453; x_wconf 90' lang='lat'><strong>:</strong></span> <span class='ocrx_word' id='word_1_227' title='bbox 854 3413 951 3468; x_wconf 90' lang='lat' dir='ltr'>pecora</span> <span class='ocrx_word' id='word_1_228' title='bbox 975 3395 1102 3467; x_wconf 81' lang='lat' dir='ltr'>numquid</span> <span class='ocrx_word' id='word_1_229' title='bbox 1128 3396 1227 3450; x_wconf 87' lang='lat' dir='ltr'>babent</span> <span class='ocrx_word' id='word_1_230' title='bbox 1241 3394 1334 3465; x_wconf 84' lang='lat' dir='ltr'>hujus·</span> 
     </span>
     <span class='ocr_line' id='line_1_31' title="bbox 545 3488 1333 3558; baseline -0.009 -8"><span class='ocrx_word' id='word_1_231' title='bbox 545 3491 618 3550; x_wconf 82' lang='lat' dir='ltr'>modi</span> <span class='ocrx_word' id='word_1_232' title='bbox 632 3492 811 3548; x_wconf 78' lang='lat' dir='ltr'>intellectum?</span> <span class='ocrx_word' id='word_1_233' title='bbox 826 3489 853 3546; x_wconf 87' lang='lat' dir='ltr'>Si</span> <span class='ocrx_word' id='word_1_234' title='bbox 866 3489 994 3545; x_wconf 90' lang='lat' dir='ltr'>habereut</span> <span class='ocrx_word' id='word_1_235' title='bbox 1006 3488 1158 3558; x_wconf 86' lang='lat' dir='ltr'>hujusmodi</span> <span class='ocrx_word' id='word_1_236' title='bbox 1169 3488 1333 3543; x_wconf 89' lang='lat' dir='ltr'>intellectum</span> 
     </span>
     <span class='ocr_line' id='line_1_32' title="bbox 541 3582 1334 3660; baseline -0.011 -16"><span class='ocrx_word' id='word_1_237' title='bbox 541 3602 648 3660; x_wconf 82' lang='lat' dir='ltr'>petora,</span> <span class='ocrx_word' id='word_1_238' title='bbox 659 3605 714 3644; x_wconf 94' lang='lat' dir='ltr'>non</span> <span class='ocrx_word' id='word_1_239' title='bbox 725 3586 801 3642; x_wconf 93' lang='lat' dir='ltr'>nobis</span> <span class='ocrx_word' id='word_1_240' title='bbox 811 3587 910 3641; x_wconf 90' lang='lat' dir='ltr'>diecret</span> <span class='ocrx_word' id='word_1_241' title='bbox 921 3585 1006 3640; x_wconf 86' lang='lat' dir='ltr'>Deus:</span> <span class='ocrx_word' id='word_1_242' title='bbox 1020 3582 1107 3637; x_wconf 82' lang='lat' dir='ltr'>Nolite</span> <span class='ocrx_word' id='word_1_243' title='bbox 1120 3598 1173 3637; x_wconf 79' lang='lat' dir='ltr'>ecee</span> <span class='ocrx_word' id='word_1_244' title='bbox 1182 3583 1247 3636; x_wconf 76' lang='lat' dir='ltr'>sicut</span> <span class='ocrx_word' id='word_1_245' title='bbox 1257 3597 1334 3652; x_wconf 81' lang='lat' dir='ltr'>equae</span> 
     </span>
     <span class='ocr_line' id='line_1_33' title="bbox 541 3673 1332 3751; baseline -0.011 -14"><span class='ocrx_word' id='word_1_246' title='bbox 541 3690 566 3737; x_wconf 82' lang='lat' dir='ltr'>et</span> <span class='ocrx_word' id='word_1_247' title='bbox 586 3683 679 3749; x_wconf 80' lang='lat' dir='ltr'>irrulua,</span> <span class='ocrx_word' id='word_1_248' title='bbox 694 3681 785 3751; x_wconf 79' lang='lat' dir='ltr'>quibua</span> <span class='ocrx_word' id='word_1_249' title='bbox 807 3695 857 3733; x_wconf 87' lang='lat' dir='ltr'>non</span> <span class='ocrx_word' id='word_1_250' title='bbox 880 3687 916 3733; x_wconf 82' lang='lat' dir='ltr'>cal</span> <span class='ocrx_word' id='word_1_251' title='bbox 935 3676 1076 3732; x_wconf 77' lang='lat' dir='ltr'>intellectae</span> <span class='ocrx_word' id='word_1_252' title='bbox 1089 3673 1176 3745; x_wconf 70' lang='lat' dir='ltr'>(urat.</span> <span class='ocrx_word' id='word_1_253' title='bbox 1199 3673 1332 3745; x_wconf 77' lang='lat' dir='ltr'>xaxr,b).</span> 
     </span>
     <span class='ocr_line' id='line_1_34' title="bbox 540 3768 1333 3843; baseline -0.006 -16"><span class='ocrx_word' id='word_1_254' title='bbox 540 3774 653 3843; x_wconf 67' lang='lat' dir='ltr'>Quando</span> <span class='ocrx_word' id='word_1_255' title='bbox 665 3774 785 3828; x_wconf 89' lang='lat' dir='ltr'>bortatur</span> <span class='ocrx_word' id='word_1_256' title='bbox 796 3788 844 3828; x_wconf 88' lang='lat' dir='ltr'>rros</span> <span class='ocrx_word' id='word_1_257' title='bbox 856 3780 885 3826; x_wconf 93' lang='lat' dir='ltr'>ut</span> <span class='ocrx_word' id='word_1_258' title='bbox 899 3786 951 3827; x_wconf 92' lang='lat' dir='ltr'>non</span> <span class='ocrx_word' id='word_1_259' title='bbox 965 3772 1048 3827; x_wconf 87' lang='lat' dir='ltr'>simus</span> <span class='ocrx_word' id='word_1_260' title='bbox 1061 3771 1130 3825; x_wconf 89' lang='lat' dir='ltr'>sicut</span> <span class='ocrx_word' id='word_1_261' title='bbox 1141 3783 1237 3840; x_wconf 89' lang='lat' dir='ltr'>pecora</span> <span class='ocrx_word' id='word_1_262' title='bbox 1252 3808 1260 3836; x_wconf 87' lang='lat'>,</span> <span class='ocrx_word' id='word_1_263' title='bbox 1275 3768 1333 3822; x_wconf 85' lang='lat' dir='ltr'>sinc</span> 
     </span>
     <span class='ocr_line' id='line_1_35' title="bbox 540 3858 1333 3932; baseline -0.015 -10"><span class='ocrx_word' id='word_1_264' title='bbox 540 3864 697 3929; x_wconf 84' lang='lat' dir='ltr'>intellectu,</span> <span class='ocrx_word' id='word_1_265' title='bbox 713 3864 830 3919; x_wconf 85' lang='lat' dir='ltr'>ostendit</span> <span class='ocrx_word' id='word_1_266' title='bbox 851 3863 927 3918; x_wconf 86' lang='lat' dir='ltr'>nabis</span> <span class='ocrx_word' id='word_1_267' title='bbox 949 3863 1010 3932; x_wconf 81' lang='lat' dir='ltr'>quia</span> <span class='ocrx_word' id='word_1_268' title='bbox 1025 3860 1126 3915; x_wconf 92' lang='lat' dir='ltr'>homiui</span> <span class='ocrx_word' id='word_1_269' title='bbox 1149 3859 1241 3915; x_wconf 85' lang='lat' dir='ltr'>tribuit</span> <span class='ocrx_word' id='word_1_270' title='bbox 1255 3858 1333 3914; x_wconf 91' lang='lat' dir='ltr'>iatel·</span> 
     </span>
     <span class='ocr_line' id='line_1_36' title="bbox 540 3949 1332 4021; baseline -0.009 -8"><span class='ocrx_word' id='word_1_271' title='bbox 540 3957 637 4013; x_wconf 78' lang='lat' dir='ltr'>herum</span> <span class='ocrx_word' id='word_1_272' title='bbox 659 3956 692 4011; x_wconf 87' lang='lat' dir='ltr'>ml</span> <span class='ocrx_word' id='word_1_273' title='bbox 708 3955 868 4011; x_wconf 88' lang='lat' dir='ltr'>laudandum</span> <span class='ocrx_word' id='word_1_274' title='bbox 893 3954 987 4010; x_wconf 85' lang='lat' dir='ltr'>Deum.</span> <span class='ocrx_word' id='word_1_275' title='bbox 1003 3953 1120 4008; x_wconf 76' lang='lat' dir='ltr'>Arbores</span> <span class='ocrx_word' id='word_1_276' title='bbox 1142 3951 1270 4021; x_wconf 83' lang='lat' dir='ltr'>numquid</span> <span class='ocrx_word' id='word_1_277' title='bbox 1290 3949 1332 4006; x_wconf 82' lang='lat' dir='ltr'>uel</span> 
     </span>
     <span class='ocr_line' id='line_1_37' title="bbox 539 4044 1332 4120; baseline -0.004 -17"><span class='ocrx_word' id='word_1_278' title='bbox 539 4050 621 4105; x_wconf 81' lang='lat' dir='ltr'>ultam</span> <span class='ocrx_word' id='word_1_279' title='bbox 637 4051 722 4120; x_wconf 91' lang='lat' dir='ltr'>ipsam</span> <span class='ocrx_word' id='word_1_280' title='bbox 737 4049 909 4119; x_wconf 65' lang='lat' dir='ltr'>habenaupra</span> <span class='ocrx_word' id='word_1_281' title='bbox 923 4047 1039 4103; x_wconf 85' lang='lat' dir='ltr'>sentiant</span> <span class='ocrx_word' id='word_1_282' title='bbox 1054 4045 1122 4102; x_wconf 91' lang='lat' dir='ltr'>sieut</span> <span class='ocrx_word' id='word_1_283' title='bbox 1135 4045 1254 4116; x_wconf 86' lang='lat' dir='ltr'>pecora?</span> <span class='ocrx_word' id='word_1_284' title='bbox 1266 4044 1332 4100; x_wconf 84' lang='lat' dir='ltr'>Nam</span> 
     </span>
     <span class='ocr_line' id='line_1_38' title="bbox 538 4136 1332 4210; baseline -0.005 -14"><span class='ocrx_word' id='word_1_285' title='bbox 538 4154 655 4210; x_wconf 84' lang='lat' dir='ltr'>pecora,</span> <span class='ocrx_word' id='word_1_286' title='bbox 671 4140 720 4194; x_wconf 88' lang='lat' dir='ltr'>etsi</span> <span class='ocrx_word' id='word_1_287' title='bbox 736 4156 844 4195; x_wconf 90' lang='lat' dir='ltr'>sensum</span> <span class='ocrx_word' id='word_1_288' title='bbox 860 4138 1014 4193; x_wconf 83' lang='lat' dir='ltr'>interiorem</span> <span class='ocrx_word' id='word_1_289' title='bbox 1035 4136 1193 4192; x_wconf 83' lang='lat' dir='ltr'>rationalem</span> <span class='ocrx_word' id='word_1_290' title='bbox 1213 4145 1242 4192; x_wconf 80' lang='lat' dir='ltr'>et</span> <span class='ocrx_word' id='word_1_291' title='bbox 1255 4151 1332 4193; x_wconf 87' lang='lat' dir='ltr'>mco·</span> 
     </span>
     <span class='ocr_line' id='line_1_39' title="bbox 539 4227 1330 4302; baseline -0.005 -15"><span class='ocrx_word' id='word_1_292' title='bbox 539 4242 594 4287; x_wconf 89' lang='lat' dir='ltr'>tem</span> <span class='ocrx_word' id='word_1_293' title='bbox 615 4232 804 4302; x_wconf 80' lang='lat' dir='ltr'>intelligentem</span> <span class='ocrx_word' id='word_1_294' title='bbox 827 4241 907 4300; x_wconf 82' lang='lat' dir='ltr'>atque</span> <span class='ocrx_word' id='word_1_295' title='bbox 928 4228 1125 4283; x_wconf 78' lang='lat' dir='ltr'>discernentem</span> <span class='ocrx_word' id='word_1_296' title='bbox 1139 4241 1192 4283; x_wconf 90' lang='lat' dir='ltr'>non</span> <span class='ocrx_word' id='word_1_297' title='bbox 1210 4227 1330 4294; x_wconf 88' lang='lat' dir='ltr'>habent,</span> 
     </span>
     <span class='ocr_line' id='line_1_40' title="bbox 539 4318 1332 4396; baseline -0.006 -17"><span class='ocrx_word' id='word_1_298' title='bbox 539 4338 619 4396; x_wconf 82' lang='lat' dir='ltr'>quom</span> <span class='ocrx_word' id='word_1_299' title='bbox 634 4322 859 4389; x_wconf 62' lang='lat' dir='ltr'>tannebrunne</span> <span class='ocrx_word' id='word_1_300' title='bbox 874 4321 984 4376; x_wconf 90' lang='lat' dir='ltr'>laudent</span> <span class='ocrx_word' id='word_1_301' title='bbox 998 4320 1082 4376; x_wconf 86' lang='lat' dir='ltr'>llerrm</span> <span class='ocrx_word' id='word_1_302' title='bbox 1097 4336 1104 4372; x_wconf 91' lang='lat'>:</span> <span class='ocrx_word' id='word_1_303' title='bbox 1123 4318 1222 4376; x_wconf 90' lang='lat' dir='ltr'>babent</span> <span class='ocrx_word' id='word_1_304' title='bbox 1243 4328 1332 4375; x_wconf 92' lang='lat' dir='ltr'>tamen</span> 
     </span>
     <span class='ocr_line' id='line_1_41' title="bbox 539 4409 1332 4480; baseline -0.001 -13"><span class='ocrx_word' id='word_1_305' title='bbox 539 4415 620 4470; x_wconf 76' lang='lat' dir='ltr'>vitam</span> <span class='ocrx_word' id='word_1_306' title='bbox 633 4413 817 4479; x_wconf 76' lang='lat' dir='ltr'>manifestam,</span> <span class='ocrx_word' id='word_1_307' title='bbox 829 4413 898 4469; x_wconf 78' lang='lat' dir='ltr'>sicut</span> <span class='ocrx_word' id='word_1_308' title='bbox 909 4426 1003 4467; x_wconf 89' lang='lat' dir='ltr'>omnes</span> <span class='ocrx_word' id='word_1_309' title='bbox 1018 4409 1141 4466; x_wconf 86' lang='lat' dir='ltr'>norimus</span> <span class='ocrx_word' id='word_1_310' title='bbox 1153 4411 1174 4477; x_wconf 92' lang='lat'>¹,</span> <span class='ocrx_word' id='word_1_311' title='bbox 1190 4409 1332 4480; x_wconf 86' lang='lat' dir='ltr'>appetendi</span> 
     </span>
     <span class='ocr_line' id='line_1_42' title="bbox 539 4504 1332 4575; baseline -0.006 -11"><span class='ocrx_word' id='word_1_312' title='bbox 539 4507 640 4574; x_wconf 83' lang='lat' dir='ltr'>cibran,</span> <span class='ocrx_word' id='word_1_313' title='bbox 656 4507 730 4562; x_wconf 83' lang='lat' dir='ltr'>utilia</span> <span class='ocrx_word' id='word_1_314' title='bbox 745 4506 880 4573; x_wconf 86' lang='lat' dir='ltr'>sumendi,</span> <span class='ocrx_word' id='word_1_315' title='bbox 895 4505 973 4561; x_wconf 84' lang='lat' dir='ltr'>noxia</span> <span class='ocrx_word' id='word_1_316' title='bbox 989 4504 1132 4575; x_wconf 84' lang='lat' dir='ltr'>respuendi</span> <span class='ocrx_word' id='word_1_317' title='bbox 1145 4520 1152 4570; x_wconf 88' lang='lat'>;</span> <span class='ocrx_word' id='word_1_318' title='bbox 1164 4518 1259 4560; x_wconf 87' lang='lat' dir='ltr'>sensus</span> <span class='ocrx_word' id='word_1_319' title='bbox 1270 4519 1332 4560; x_wconf 91' lang='lat' dir='ltr'>eor·</span> 
     </span>
     <span class='ocr_line' id='line_1_43' title="bbox 542 4597 1332 4670; baseline -0.001 -16"><span class='ocrx_word' id='word_1_320' title='bbox 542 4601 640 4670; x_wconf 90' lang='lat' dir='ltr'>poralia</span> <span class='ocrx_word' id='word_1_321' title='bbox 660 4600 849 4666; x_wconf 73' lang='lat' dir='ltr'>discernendi,</span> <span class='ocrx_word' id='word_1_322' title='bbox 864 4600 948 4654; x_wconf 84' lang='lat' dir='ltr'>uisum</span> <span class='ocrx_word' id='word_1_323' title='bbox 971 4598 1004 4653; x_wconf 90' lang='lat' dir='ltr'>ad</span> <span class='ocrx_word' id='word_1_324' title='bbox 1023 4597 1129 4654; x_wconf 88' lang='lat' dir='ltr'>colores</span> <span class='ocrx_word' id='word_1_325' title='bbox 1143 4638 1151 4664; x_wconf 97' lang='lat'>,</span> <span class='ocrx_word' id='word_1_326' title='bbox 1166 4597 1284 4653; x_wconf 89' lang='lat' dir='ltr'>auditum</span> <span class='ocrx_word' id='word_1_327' title='bbox 1299 4597 1332 4653; x_wconf 91' lang='lat' dir='ltr'>ad</span> 
     </span>
    </p>
   </div>
   <div class='ocr_carea' id='block_1_3' title="bbox 444 4691 1334 4762">
    <p class='ocr_par' dir='ltr' id='par_1_4' title="bbox 444 4691 1334 4762">
     <span class='ocr_line' id='line_1_44' title="bbox 444 4691 1334 4762; baseline -0.003 -15"><span class='ocrx_word' id='word_1_328' title='bbox 444 4702 449 4713; x_wconf 93' lang='grc'><strong>’</strong></span> <span class='ocrx_word' id='word_1_329' title='bbox 539 4708 630 4757; x_wconf 78' lang='lat' dir='ltr'>uoces,</span> <span class='ocrx_word' id='word_1_330' title='bbox 645 4693 770 4749; x_wconf 82' lang='lat' dir='ltr'>olfactum</span> <span class='ocrx_word' id='word_1_331' title='bbox 783 4693 817 4747; x_wconf 91' lang='lat' dir='ltr'>ad</span> <span class='ocrx_word' id='word_1_332' title='bbox 831 4692 938 4759; x_wconf 87' lang='lat' dir='ltr'>odores,</span> <span class='ocrx_word' id='word_1_333' title='bbox 953 4699 1085 4762; x_wconf 87' lang='lat' dir='ltr'>gustatum</span> <span class='ocrx_word' id='word_1_334' title='bbox 1099 4691 1131 4745; x_wconf 89' lang='lat' dir='ltr'>ad</span> <span class='ocrx_word' id='word_1_335' title='bbox 1144 4705 1264 4761; x_wconf 78' lang='lat' dir='ltr'>sapores,</span> <span class='ocrx_word' id='word_1_336' title='bbox 1276 4705 1334 4744; x_wconf 89' lang='lat' dir='ltr'>rao·</span> 
     </span>
    </p>
   </div>
   <div class='ocr_carea' id='block_1_4' title="bbox 466 4780 1334 6044">
    <p class='ocr_par' dir='ltr' id='par_1_5' title="bbox 466 4780 1334 6044">
     <span class='ocr_line' id='line_1_45' title="bbox 539 4780 1333 4854; baseline -0.006 -13"><span class='ocrx_word' id='word_1_337' title='bbox 539 4793 584 4841; x_wconf 83' lang='lat' dir='ltr'>tus</span> <span class='ocrx_word' id='word_1_338' title='bbox 605 4785 646 4839; x_wconf 82' lang='lat' dir='ltr'>rel</span> <span class='ocrx_word' id='word_1_339' title='bbox 665 4785 881 4854; x_wconf 73' lang='lat' dir='ltr'>adtemptatae,</span> <span class='ocrx_word' id='word_1_340' title='bbox 895 4783 962 4838; x_wconf 83' lang='lat' dir='ltr'>tela</span> <span class='ocrx_word' id='word_1_341' title='bbox 979 4782 1107 4837; x_wconf 83' lang='lat' dir='ltr'>molestiis</span> <span class='ocrx_word' id='word_1_342' title='bbox 1122 4784 1144 4836; x_wconf 86' lang='lat'>¹.</span> <span class='ocrx_word' id='word_1_343' title='bbox 1160 4780 1333 4851; x_wconf 89' lang='lat' dir='ltr'>intelligimus</span> 
     </span>
     <span class='ocr_line' id='line_1_46' title="bbox 540 4874 1332 4942; baseline -0.008 -10"><span class='ocrx_word' id='word_1_344' title='bbox 540 4877 607 4942; x_wconf 80' lang='lat' dir='ltr'>lace,</span> <span class='ocrx_word' id='word_1_345' title='bbox 622 4886 648 4931; x_wconf 90' lang='lat' dir='ltr'>ct</span> <span class='ocrx_word' id='word_1_346' title='bbox 659 4876 780 4931; x_wconf 85' lang='lat' dir='ltr'>ridemus</span> <span class='ocrx_word' id='word_1_347' title='bbox 792 4884 854 4930; x_wconf 91' lang='lat' dir='ltr'>autc</span> <span class='ocrx_word' id='word_1_348' title='bbox 868 4876 959 4929; x_wconf 89' lang='lat' dir='ltr'>oculos</span> <span class='ocrx_word' id='word_1_349' title='bbox 974 4883 1089 4931; x_wconf 89' lang='lat' dir='ltr'>nostros.</span> <span class='ocrx_word' id='word_1_350' title='bbox 1103 4874 1161 4929; x_wconf 85' lang='lat' dir='ltr'>Nou</span> <span class='ocrx_word' id='word_1_351' title='bbox 1176 4874 1274 4929; x_wconf 91' lang='lat' dir='ltr'>habeut</span> <span class='ocrx_word' id='word_1_352' title='bbox 1288 4888 1332 4927; x_wconf 89' lang='lat' dir='ltr'>ra-</span> 
     </span>
     <span class='ocr_line' id='line_1_47' title="bbox 540 4964 1333 5037; baseline -0.008 -14"><span class='ocrx_word' id='word_1_353' title='bbox 540 4970 640 5024; x_wconf 89' lang='lat' dir='ltr'>tionem</span> <span class='ocrx_word' id='word_1_354' title='bbox 656 4965 828 5037; x_wconf 66' lang='lat' dir='ltr'>intelligenda</span> <span class='ocrx_word' id='word_1_355' title='bbox 839 4964 887 5020; x_wconf 88' lang='lat' dir='ltr'>scd</span> <span class='ocrx_word' id='word_1_356' title='bbox 901 4965 997 5018; x_wconf 90' lang='lat' dir='ltr'>babent</span> <span class='ocrx_word' id='word_1_357' title='bbox 1010 4964 1131 5034; x_wconf 83' lang='lat' dir='ltr'>spiritum</span> <span class='ocrx_word' id='word_1_358' title='bbox 1144 4966 1264 5034; x_wconf 87' lang='lat' dir='ltr'>corporis</span> <span class='ocrx_word' id='word_1_359' title='bbox 1276 4965 1333 5018; x_wconf 87' lang='lat' dir='ltr'>ani·</span> 
     </span>
     <span class='ocr_line' id='line_1_48' title="bbox 539 5055 1331 5126; baseline -0.006 -11"><span class='ocrx_word' id='word_1_360' title='bbox 539 5060 616 5122; x_wconf 85' lang='lat' dir='ltr'>mall,</span> <span class='ocrx_word' id='word_1_361' title='bbox 627 5069 655 5114; x_wconf 93' lang='lat' dir='ltr'>et</span> <span class='ocrx_word' id='word_1_362' title='bbox 666 5060 747 5113; x_wconf 81' lang='lat' dir='ltr'>uitam</span> <span class='ocrx_word' id='word_1_363' title='bbox 762 5056 929 5112; x_wconf 82' lang='lat' dir='ltr'>manifestam</span> <span class='ocrx_word' id='word_1_364' title='bbox 943 5072 950 5109; x_wconf 73' lang='grc' dir='ltr'><strong>ε</strong></span> <span class='ocrx_word' id='word_1_365' title='bbox 964 5055 1073 5111; x_wconf 89' lang='lat' dir='ltr'>arbores</span> <span class='ocrx_word' id='word_1_366' title='bbox 1083 5065 1170 5110; x_wconf 89' lang='lat' dir='ltr'>autem</span> <span class='ocrx_word' id='word_1_367' title='bbox 1186 5072 1234 5112; x_wconf 90' lang='lat' dir='ltr'>nce</span> <span class='ocrx_word' id='word_1_368' title='bbox 1249 5058 1331 5126; x_wconf 88' lang='lat' dir='ltr'>ipsam</span> 
     </span>
     <span class='ocr_line' id='line_1_49' title="bbox 540 5145 1334 5214; baseline -0.001 -11"><span class='ocrx_word' id='word_1_369' title='bbox 540 5149 650 5212; x_wconf 64' lang='lat' dir='ltr'>babenb</span> <span class='ocrx_word' id='word_1_370' title='bbox 662 5158 786 5203; x_wconf 88' lang='lat' dir='ltr'>ettamen</span> <span class='ocrx_word' id='word_1_371' title='bbox 797 5148 885 5202; x_wconf 77' lang='lat' dir='ltr'>cararia</span> <span class='ocrx_word' id='word_1_372' title='bbox 901 5145 1007 5201; x_wconf 88' lang='lat' dir='ltr'>laudant</span> <span class='ocrx_word' id='word_1_373' title='bbox 1021 5148 1115 5202; x_wconf 87' lang='lat' dir='ltr'>Derrru.</span> <span class='ocrx_word' id='word_1_374' title='bbox 1125 5147 1213 5214; x_wconf 82' lang='lat' dir='ltr'>Quare</span> <span class='ocrx_word' id='word_1_375' title='bbox 1226 5148 1334 5202; x_wconf 89' lang='lat' dir='ltr'>laudant</span> 
     </span>
     <span class='ocr_line' id='line_1_50' title="bbox 540 5238 1333 5308; baseline -0.003 -10"><span class='ocrx_word' id='word_1_376' title='bbox 540 5239 730 5308; x_wconf 79' lang='lat' dir='ltr'>herrrleuia</span> <span class='ocrx_word' id='word_1_377' title='bbox 755 5255 815 5295; x_wconf 90' lang='lat' dir='ltr'>cum</span> <span class='ocrx_word' id='word_1_378' title='bbox 843 5238 1054 5307; x_wconf 59' lang='lat' dir='ltr'>istauidernus,</span> <span class='ocrx_word' id='word_1_379' title='bbox 1081 5248 1108 5293; x_wconf 90' lang='lat' dir='ltr'>et</span> <span class='ocrx_word' id='word_1_380' title='bbox 1133 5240 1333 5296; x_wconf 82' lang='lat' dir='ltr'>consideramus</span> 
     </span>
     <span class='ocr_line' id='line_1_51' title="bbox 540 5318 1333 5402; baseline -0.005 -12"><span class='ocrx_word' id='word_1_381' title='bbox 540 5334 695 5390; x_wconf 72' lang='lat' dir='ltr'>Creatorem</span> <span class='ocrx_word' id='word_1_382' title='bbox 711 5331 756 5402; x_wconf 88' lang='lat' dir='ltr'>qui</span> <span class='ocrx_word' id='word_1_383' title='bbox 768 5346 799 5386; x_wconf 91' lang='lat' dir='ltr'>ca</span> <span class='ocrx_word' id='word_1_384' title='bbox 815 5330 886 5397; x_wconf 88' lang='lat' dir='ltr'>lecit,</span> <span class='ocrx_word' id='word_1_385' title='bbox 900 5318 933 5385; x_wconf 88' lang='lat' dir='ltr'>dc</span> <span class='ocrx_word' id='word_1_386' title='bbox 948 5331 1000 5386; x_wconf 76' lang='lat' dir='ltr'>illis</span> <span class='ocrx_word' id='word_1_387' title='bbox 1014 5330 1129 5385; x_wconf 88' lang='lat' dir='ltr'>nascitur</span> <span class='ocrx_word' id='word_1_388' title='bbox 1144 5331 1170 5384; x_wconf 92' lang='lat' dir='ltr'>ia</span> <span class='ocrx_word' id='word_1_389' title='bbox 1186 5331 1261 5385; x_wconf 78' lang='lat' dir='ltr'>uoltis</span> <span class='ocrx_word' id='word_1_390' title='bbox 1276 5331 1333 5387; x_wconf 88' lang='lat' dir='ltr'>laus</span> 
     </span>
     <span class='ocr_line' id='line_1_52' title="bbox 541 5421 1331 5493; baseline -0.005 -13"><span class='ocrx_word' id='word_1_391' title='bbox 541 5424 590 5481; x_wconf 79' lang='lat' dir='ltr'>hei</span> <span class='ocrx_word' id='word_1_392' title='bbox 602 5442 609 5491; x_wconf 89' lang='lat'>;</span> <span class='ocrx_word' id='word_1_393' title='bbox 622 5434 649 5480; x_wconf 92' lang='lat' dir='ltr'>et</span> <span class='ocrx_word' id='word_1_394' title='bbox 670 5439 730 5478; x_wconf 92' lang='lat' dir='ltr'>cum</span> <span class='ocrx_word' id='word_1_395' title='bbox 746 5423 863 5493; x_wconf 87' lang='lat' dir='ltr'>ipsorum</span> <span class='ocrx_word' id='word_1_396' title='bbox 878 5422 1091 5477; x_wconf 90' lang='lat' dir='ltr'>consideratione</span> <span class='ocrx_word' id='word_1_397' title='bbox 1106 5421 1227 5476; x_wconf 87' lang='lat' dir='ltr'>laudatur</span> <span class='ocrx_word' id='word_1_398' title='bbox 1242 5422 1331 5488; x_wconf 86' lang='lat' dir='ltr'>heus,</span> 
     </span>
     <span class='ocr_line' id='line_1_53' title="bbox 541 5511 1333 5582; baseline -0.003 -13"><span class='ocrx_word' id='word_1_399' title='bbox 541 5516 633 5572; x_wconf 88' lang='lat' dir='ltr'>omrrla</span> <span class='ocrx_word' id='word_1_400' title='bbox 649 5515 758 5570; x_wconf 91' lang='lat' dir='ltr'>laudant</span> <span class='ocrx_word' id='word_1_401' title='bbox 770 5513 863 5568; x_wconf 76' lang='lat' dir='ltr'>licum.</span> <span class='ocrx_word' id='word_1_402' title='bbox 879 5511 966 5582; x_wconf 86' lang='lat' dir='ltr'>Coepit</span> <span class='ocrx_word' id='word_1_403' title='bbox 978 5528 1041 5582; x_wconf 87' lang='lat' dir='ltr'>crgo</span> <span class='ocrx_word' id='word_1_404' title='bbox 1056 5514 1105 5567; x_wconf 76' lang='lat' dir='ltr'>iste</span> <span class='ocrx_word' id='word_1_405' title='bbox 1124 5513 1157 5567; x_wconf 91' lang='lat' dir='ltr'>dc</span> <span class='ocrx_word' id='word_1_406' title='bbox 1179 5513 1247 5567; x_wconf 86' lang='lat' dir='ltr'>coelo</span> <span class='ocrx_word' id='word_1_407' title='bbox 1259 5530 1266 5567; x_wconf 74' lang='grc' dir='ltr'><strong><em>ε</em></strong></span> <span class='ocrx_word' id='word_1_408' title='bbox 1278 5513 1333 5567; x_wconf 90' lang='lat' dir='ltr'>lau-</span> 
     </span>
     <span class='ocr_line' id='line_1_54' title="bbox 466 5603 1331 5672; baseline 0 -14"><span class='ocrx_word' id='word_1_409' title='bbox 466 5652 469 5658; x_wconf 94' lang='lat'>.</span> <span class='ocrx_word' id='word_1_410' title='bbox 542 5607 608 5663; x_wconf 90' lang='lat' dir='ltr'>daut</span> <span class='ocrx_word' id='word_1_411' title='bbox 621 5608 709 5663; x_wconf 81' lang='lat' dir='ltr'>omitia</span> <span class='ocrx_word' id='word_1_412' title='bbox 723 5649 730 5672; x_wconf 92' lang='lat'>,</span> <span class='ocrx_word' id='word_1_413' title='bbox 746 5615 773 5661; x_wconf 91' lang='lat' dir='ltr'>et</span> <span class='ocrx_word' id='word_1_414' title='bbox 785 5605 865 5670; x_wconf 89' lang='lat' dir='ltr'>dicit,</span> <span class='ocrx_word' id='word_1_415' title='bbox 880 5603 1004 5659; x_wconf 84' lang='lat' dir='ltr'>Loudute.</span> <span class='ocrx_word' id='word_1_416' title='bbox 1019 5605 1118 5671; x_wconf 76' lang='lat' dir='ltr'>Quare,</span> <span class='ocrx_word' id='word_1_417' title='bbox 1133 5620 1192 5659; x_wconf 92' lang='lat' dir='ltr'>eum</span> <span class='ocrx_word' id='word_1_418' title='bbox 1206 5605 1331 5669; x_wconf 81' lang='lat' dir='ltr'>lrrirdeut,</span> 
     </span>
     <span class='ocr_line' id='line_1_55' title="bbox 542 5697 1331 5766; baseline -0.008 -10"><span class='ocrx_word' id='word_1_419' title='bbox 542 5700 616 5765; x_wconf 88' lang='lat' dir='ltr'>dicit,</span> <span class='ocrx_word' id='word_1_420' title='bbox 630 5699 762 5753; x_wconf 86' lang='lat' dir='ltr'>Lurrdute?</span> <span class='ocrx_word' id='word_1_421' title='bbox 772 5698 837 5766; x_wconf 81' lang='lat' dir='ltr'>Quia</span> <span class='ocrx_word' id='word_1_422' title='bbox 849 5697 996 5752; x_wconf 85' lang='lat' dir='ltr'>delectatus</span> <span class='ocrx_word' id='word_1_423' title='bbox 1007 5707 1047 5752; x_wconf 90' lang='lat' dir='ltr'>est</span> <span class='ocrx_word' id='word_1_424' title='bbox 1056 5698 1080 5750; x_wconf 92' lang='lat' dir='ltr'>iu</span> <span class='ocrx_word' id='word_1_425' title='bbox 1092 5712 1124 5751; x_wconf 91' lang='lat' dir='ltr'>co</span> <span class='ocrx_word' id='word_1_426' title='bbox 1134 5697 1204 5766; x_wconf 78' lang='lat' dir='ltr'>qarod</span> <span class='ocrx_word' id='word_1_427' title='bbox 1215 5697 1331 5762; x_wconf 84' lang='lat' dir='ltr'>laudaut,</span> 
     </span>
     <span class='ocr_line' id='line_1_56' title="bbox 543 5775 1334 5863; baseline -0.009 -14"><span class='ocrx_word' id='word_1_428' title='bbox 543 5801 571 5849; x_wconf 88' lang='lat' dir='ltr'>et</span> <span class='ocrx_word' id='word_1_429' title='bbox 584 5794 681 5863; x_wconf 79' lang='lat' dir='ltr'>placuit</span> <span class='ocrx_word' id='word_1_430' title='bbox 695 5793 718 5846; x_wconf 90' lang='lat' dir='ltr'>ci</span> <span class='ocrx_word' id='word_1_431' title='bbox 732 5791 806 5859; x_wconf 66' lang='lat' dir='ltr'>cirrosi</span> <span class='ocrx_word' id='word_1_432' title='bbox 821 5791 965 5860; x_wconf 79' lang='lat' dir='ltr'>arljungcre</span> <span class='ocrx_word' id='word_1_433' title='bbox 976 5790 1151 5844; x_wconf 87' lang='lat' dir='ltr'>hortationem</span> <span class='ocrx_word' id='word_1_434' title='bbox 1165 5775 1251 5845; x_wconf 49' lang='lat' dir='ltr'>siram&#39;.</span> <span class='ocrx_word' id='word_1_435' title='bbox 1262 5790 1334 5858; x_wconf 83' lang='lat' dir='ltr'>Qatn-</span> 
     </span>
     <span class='ocr_line' id='line_1_57' title="bbox 545 5882 1334 5952; baseline -0.005 -12"><span class='ocrx_word' id='word_1_436' title='bbox 545 5885 625 5941; x_wconf 91' lang='lat' dir='ltr'>modo</span> <span class='ocrx_word' id='word_1_437' title='bbox 639 5885 661 5938; x_wconf 89' lang='lat' dir='ltr'>si</span> <span class='ocrx_word' id='word_1_438' title='bbox 676 5884 768 5940; x_wconf 83' lang='lat' dir='ltr'>uerrias</span> <span class='ocrx_word' id='word_1_439' title='bbox 780 5884 813 5937; x_wconf 88' lang='lat' dir='ltr'>ad</span> <span class='ocrx_word' id='word_1_440' title='bbox 826 5883 947 5937; x_wconf 88' lang='lat' dir='ltr'>homines</span> <span class='ocrx_word' id='word_1_441' title='bbox 963 5882 1060 5936; x_wconf 93' lang='lat' dir='ltr'>bonum</span> <span class='ocrx_word' id='word_1_442' title='bbox 1075 5882 1180 5952; x_wconf 83' lang='lat' dir='ltr'>alirprorl</span> <span class='ocrx_word' id='word_1_443' title='bbox 1194 5891 1334 5951; x_wconf 88' lang='lat' dir='ltr'>operantes</span> 
     </span>
     <span class='ocr_line' id='line_1_58' title="bbox 545 5972 1333 6044; baseline -0.008 -13"><span class='ocrx_word' id='word_1_444' title='bbox 545 5976 723 6044; x_wconf 88' lang='lat' dir='ltr'>cumgarulio,</span> <span class='ocrx_word' id='word_1_445' title='bbox 740 5977 795 6029; x_wconf 85' lang='lat' dir='ltr'>siue</span> <span class='ocrx_word' id='word_1_446' title='bbox 810 5975 837 6028; x_wconf 90' lang='lat' dir='ltr'>in</span> <span class='ocrx_word' id='word_1_447' title='bbox 850 5972 938 6037; x_wconf 85' lang='lat' dir='ltr'>rinca,</span> <span class='ocrx_word' id='word_1_448' title='bbox 955 5973 1009 6026; x_wconf 77' lang='lat' dir='ltr'>sinc</span> <span class='ocrx_word' id='word_1_449' title='bbox 1023 5974 1047 6026; x_wconf 92' lang='lat' dir='ltr'>iu</span> <span class='ocrx_word' id='word_1_450' title='bbox 1062 5987 1163 6035; x_wconf 62' lang='lat' dir='ltr'>arasse,</span> <span class='ocrx_word' id='word_1_451' title='bbox 1179 5973 1234 6027; x_wconf 85' lang='lat' dir='ltr'>sire</span> <span class='ocrx_word' id='word_1_452' title='bbox 1245 5973 1271 6025; x_wconf 89' lang='lat' dir='ltr'>iu</span> <span class='ocrx_word' id='word_1_453' title='bbox 1284 5974 1333 6027; x_wconf 89' lang='lat' dir='ltr'>ali·</span> 
     </span>
    </p>
   </div>
   <div class='ocr_carea' id='block_1_5' title="bbox 578 6106 1296 6234">
    <p class='ocr_par' dir='ltr' id='par_1_6' title="bbox 578 6106 1296 6234">
     <span class='ocr_line' id='line_1_59' title="bbox 578 6106 1285 6176; baseline -0.008 -16"><span class='ocrx_word' id='word_1_454' title='bbox 578 6113 587 6146; x_wconf 88' lang='lat'><strong>¹</strong></span> <span class='ocrx_word' id='word_1_455' title='bbox 600 6117 665 6167; x_wconf 74' lang='lat' dir='ltr'>tiss,</span> <span class='ocrx_word' id='word_1_456' title='bbox 678 6112 749 6160; x_wconf 82' lang='lat' dir='ltr'>eitum</span> <span class='ocrx_word' id='word_1_457' title='bbox 761 6109 897 6172; x_wconf 67' lang='lat' dir='ltr'>(inmiserint</span> <span class='ocrx_word' id='word_1_458' title='bbox 908 6114 952 6167; x_wconf 77' lang='lat' dir='ltr'>erl,</span> <span class='ocrx_word' id='word_1_459' title='bbox 965 6106 1080 6176; x_wconf 75' lang='lat' dir='ltr'>norimus)</span> <span class='ocrx_word' id='word_1_460' title='bbox 1092 6107 1229 6169; x_wconf 70' lang='lat' dir='ltr'>‹rpprlrrulh</span> <span class='ocrx_word' id='word_1_461' title='bbox 1238 6116 1285 6156; x_wconf 79' lang='lat' dir='ltr'>cle.</span> 
     </span>
     <span class='ocr_line' id='line_1_60' title="bbox 581 6169 1296 6234; baseline -0.015 -7"><span class='ocrx_word' id='word_1_462' title='bbox 581 6175 591 6208; x_wconf 87' lang='lat'>¹</span> <span class='ocrx_word' id='word_1_463' title='bbox 608 6175 645 6227; x_wconf 59' lang='lat' dir='ltr'>§lc</span> <span class='ocrx_word' id='word_1_464' title='bbox 656 6181 708 6222; x_wconf 81' lang='lat' dir='ltr'>has.</span> <span class='ocrx_word' id='word_1_465' title='bbox 718 6174 773 6224; x_wconf 74' lang='lat' dir='ltr'>[dd.</span> <span class='ocrx_word' id='word_1_466' title='bbox 786 6179 878 6234; x_wconf 88' lang='lat' dir='ltr'>autem,</span> <span class='ocrx_word' id='word_1_467' title='bbox 895 6171 931 6222; x_wconf 83' lang='lat' dir='ltr'>ccl</span> <span class='ocrx_word' id='word_1_468' title='bbox 942 6170 974 6221; x_wconf 88' lang='lat' dir='ltr'>ud</span> <span class='ocrx_word' id='word_1_469' title='bbox 984 6169 1103 6221; x_wconf 76' lang='lat' dir='ltr'>imbutas</span> <span class='ocrx_word' id='word_1_470' title='bbox 1114 6172 1296 6233; x_wconf 67' lang='lat' dir='ltr'>cognoscentes.</span> 
     </span>
    </p>
   </div>
   <div class='ocr_carea' id='block_1_6' title="bbox 1106 715 1582 777">
    <p class='ocr_par' dir='ltr' id='par_1_7' title="bbox 1106 715 1582 777">
     <span class='ocr_line' id='line_1_61' title="bbox 1106 715 1582 777; baseline 0.002 -1"><span class='ocrx_word' id='word_1_471' title='bbox 1106 742 1108 749; x_wconf 95' lang='lat'>·</span> <span class='ocrx_word' id='word_1_472' title='bbox 1179 719 1208 777; x_wconf 82' lang='lat' dir='ltr'>S.</span> <span class='ocrx_word' id='word_1_473' title='bbox 1228 715 1412 776; x_wconf 74' lang='lat' dir='ltr'>nodosum</span> <span class='ocrx_word' id='word_1_474' title='bbox 1432 717 1582 777; x_wconf 73' lang='lat' dir='ltr'>nebeoth</span> 
     </span>
    </p>
   </div>
   <div class='ocr_carea' id='block_1_7' title="bbox 2133 727 2212 787">
    <p class='ocr_par' dir='ltr' id='par_1_8' title="bbox 2133 727 2212 787">
     <span class='ocr_line' id='line_1_62' title="bbox 2133 727 2212 787; baseline -0.038 0"><span class='ocrx_word' id='word_1_475' title='bbox 2133 727 2212 787; x_wconf 68' lang='lat'>{960</span> 
     </span>
    </p>
   </div>
   <div class='ocr_carea' id='block_1_8' title="bbox 1395 834 2208 2378">
    <p class='ocr_par' dir='ltr' id='par_1_9' title="bbox 1399 834 2208 1460">
     <span class='ocr_line' id='line_1_63' title="bbox 1405 834 2208 912; baseline 0.011 -23"><span class='ocrx_word' id='word_1_476' title='bbox 1405 848 1457 904; x_wconf 80' lang='lat' dir='ltr'>gua</span> <span class='ocrx_word' id='word_1_477' title='bbox 1481 834 1656 906; x_wconf 88' lang='lat' dir='ltr'>agricultura;</span> <span class='ocrx_word' id='word_1_478' title='bbox 1671 836 1759 908; x_wconf 85' lang='lat' dir='ltr'>placet</span> <span class='ocrx_word' id='word_1_479' title='bbox 1777 839 1823 897; x_wconf 90' lang='lat' dir='ltr'>tibi</span> <span class='ocrx_word' id='word_1_480' title='bbox 1847 839 1919 912; x_wconf 85' lang='lat' dir='ltr'>quod</span> <span class='ocrx_word' id='word_1_481' title='bbox 1943 840 2061 911; x_wconf 85' lang='lat' dir='ltr'>iaciunt,</span> <span class='ocrx_word' id='word_1_482' title='bbox 2076 852 2102 898; x_wconf 82' lang='lat' dir='ltr'>et</span> <span class='ocrx_word' id='word_1_483' title='bbox 2114 842 2208 910; x_wconf 84' lang='lat' dir='ltr'>dieis,</span> 
     </span>
     <span class='ocr_line' id='line_1_64' title="bbox 1402 926 2208 1006; baseline 0.012 -24"><span class='ocrx_word' id='word_1_484' title='bbox 1402 926 1509 995; x_wconf 75' lang='lat' dir='ltr'>laetae,</span> <span class='ocrx_word' id='word_1_485' title='bbox 1524 929 1594 1001; x_wconf 90' lang='lat' dir='ltr'>agite</span> <span class='ocrx_word' id='word_1_486' title='bbox 1608 948 1615 985; x_wconf 90' lang='lat'>:</span> <span class='ocrx_word' id='word_1_487' title='bbox 1630 944 1684 987; x_wconf 94' lang='lat' dir='ltr'>non</span> <span class='ocrx_word' id='word_1_488' title='bbox 1703 940 1732 987; x_wconf 93' lang='lat' dir='ltr'>ut</span> <span class='ocrx_word' id='word_1_489' title='bbox 1745 941 1807 988; x_wconf 87' lang='lat' dir='ltr'>tuuc</span> <span class='ocrx_word' id='word_1_490' title='bbox 1819 932 1948 1004; x_wconf 86' lang='lat' dir='ltr'>incipiant</span> <span class='ocrx_word' id='word_1_491' title='bbox 1967 933 2076 1002; x_wconf 88' lang='lat' dir='ltr'>lacere,</span> <span class='ocrx_word' id='word_1_492' title='bbox 2091 935 2208 1006; x_wconf 83' lang='lat' dir='ltr'>qrrando</span> 
     </span>
     <span class='ocr_line' id='line_1_65' title="bbox 1402 1017 2206 1094; baseline 0.011 -22"><span class='ocrx_word' id='word_1_493' title='bbox 1402 1017 1479 1084; x_wconf 88' lang='lat' dir='ltr'>dieis;</span> <span class='ocrx_word' id='word_1_494' title='bbox 1490 1019 1536 1075; x_wconf 88' lang='lat' dir='ltr'>scd</span> <span class='ocrx_word' id='word_1_495' title='bbox 1549 1021 1611 1092; x_wconf 85' lang='lat' dir='ltr'>quia</span> <span class='ocrx_word' id='word_1_496' title='bbox 1622 1021 1708 1092; x_wconf 88' lang='lat' dir='ltr'>placet</span> <span class='ocrx_word' id='word_1_497' title='bbox 1720 1023 1766 1079; x_wconf 88' lang='lat' dir='ltr'>tibi</span> <span class='ocrx_word' id='word_1_498' title='bbox 1778 1023 1848 1094; x_wconf 84' lang='lat' dir='ltr'>quod</span> <span class='ocrx_word' id='word_1_499' title='bbox 1857 1023 1983 1081; x_wconf 86' lang='lat' dir='ltr'>iacientes</span> <span class='ocrx_word' id='word_1_500' title='bbox 1997 1026 2146 1091; x_wconf 80' lang='lat' dir='ltr'>inveneris,</span> <span class='ocrx_word' id='word_1_501' title='bbox 2155 1027 2206 1081; x_wconf 89' lang='lat' dir='ltr'>ad·</span> 
     </span>
     <span class='ocr_line' id='line_1_66' title="bbox 1399 1106 2204 1184; baseline 0.009 -18"><span class='ocrx_word' id='word_1_502' title='bbox 1399 1111 1489 1184; x_wconf 73' lang='lat' dir='ltr'>iungis</span> <span class='ocrx_word' id='word_1_503' title='bbox 1503 1106 1707 1184; x_wconf 72' lang='lat' dir='ltr'>gratulationem</span> <span class='ocrx_word' id='word_1_504' title='bbox 1721 1126 1749 1171; x_wconf 87' lang='lat' dir='ltr'>et</span> <span class='ocrx_word' id='word_1_505' title='bbox 1760 1116 1971 1173; x_wconf 85' lang='lat' dir='ltr'>exhortationem</span> <span class='ocrx_word' id='word_1_506' title='bbox 1983 1126 2066 1172; x_wconf 89' lang='lat' dir='ltr'>taam.</span> <span class='ocrx_word' id='word_1_507' title='bbox 2080 1118 2204 1174; x_wconf 85' lang='lat' dir='ltr'>Dicendo</span> 
     </span>
     <span class='ocr_line' id='line_1_67' title="bbox 1401 1205 2202 1281; baseline 0.005 -19"><span class='ocrx_word' id='word_1_508' title='bbox 1401 1205 1489 1272; x_wconf 88' lang='lat' dir='ltr'>enim,</span> <span class='ocrx_word' id='word_1_509' title='bbox 1507 1207 1616 1276; x_wconf 78' lang='lat' dir='ltr'>Facite,</span> <span class='ocrx_word' id='word_1_510' title='bbox 1630 1219 1657 1264; x_wconf 90' lang='lat' dir='ltr'>ct</span> <span class='ocrx_word' id='word_1_511' title='bbox 1680 1208 1846 1265; x_wconf 85' lang='lat' dir='ltr'>exirortando</span> <span class='ocrx_word' id='word_1_512' title='bbox 1863 1209 2011 1276; x_wconf 85' lang='lat' dir='ltr'>iacientes,</span> <span class='ocrx_word' id='word_1_513' title='bbox 2034 1219 2098 1266; x_wconf 88' lang='lat' dir='ltr'>roto</span> <span class='ocrx_word' id='word_1_514' title='bbox 2119 1212 2202 1281; x_wconf 79' lang='lat' dir='ltr'>qrrasi</span> 
     </span>
     <span class='ocr_line' id='line_1_68' title="bbox 1401 1296 2202 1372; baseline 0.004 -20"><span class='ocrx_word' id='word_1_515' title='bbox 1401 1296 1465 1355; x_wconf 88' lang='lat' dir='ltr'>lacis</span> <span class='ocrx_word' id='word_1_516' title='bbox 1478 1313 1537 1354; x_wconf 91' lang='lat' dir='ltr'>eum</span> <span class='ocrx_word' id='word_1_517' title='bbox 1549 1299 1609 1356; x_wconf 83' lang='lat' dir='ltr'>illis.</span> <span class='ocrx_word' id='word_1_518' title='bbox 1626 1299 1654 1356; x_wconf 91' lang='lat' dir='ltr'>la</span> <span class='ocrx_word' id='word_1_519' title='bbox 1664 1301 1713 1357; x_wconf 91' lang='lat' dir='ltr'>bae</span> <span class='ocrx_word' id='word_1_520' title='bbox 1723 1316 1786 1372; x_wconf 88' lang='lat' dir='ltr'>crgo</span> <span class='ocrx_word' id='word_1_521' title='bbox 1795 1301 1977 1358; x_wconf 84' lang='lat' dir='ltr'>exhortatione</span> <span class='ocrx_word' id='word_1_522' title='bbox 1987 1302 2084 1372; x_wconf 85' lang='lat' dir='ltr'>plenus</span> <span class='ocrx_word' id='word_1_523' title='bbox 2096 1301 2202 1372; x_wconf 88' lang='lat' dir='ltr'>Spiritu</span> 
     </span>
     <span class='ocr_line' id='line_1_69' title="bbox 1401 1389 1686 1460; baseline 0.018 -17"><span class='ocrx_word' id='word_1_524' title='bbox 1401 1389 1533 1460; x_wconf 85' lang='lat' dir='ltr'>Propheta</span> <span class='ocrx_word' id='word_1_525' title='bbox 1544 1390 1607 1447; x_wconf 89' lang='lat' dir='ltr'>dicit</span> <span class='ocrx_word' id='word_1_526' title='bbox 1619 1390 1686 1448; x_wconf 78' lang='lat' dir='ltr'>hacc.</span> 
     </span>
    </p>

    <p class='ocr_par' dir='ltr' id='par_1_10' title="bbox 1395 1482 2200 2378">
     <span class='ocr_line' id='line_1_70' title="bbox 1435 1482 2200 1556; baseline 0.005 -19"><span class='ocrx_word' id='word_1_527' title='bbox 1435 1482 1462 1537; x_wconf 80' lang='lat' dir='ltr'>l.</span> <span class='ocrx_word' id='word_1_528' title='bbox 1487 1483 1519 1538; x_wconf 81' lang='lat' dir='ltr'>Et</span> <span class='ocrx_word' id='word_1_529' title='bbox 1540 1482 1660 1540; x_wconf 80' lang='lat' dir='ltr'>Psalrnus</span> <span class='ocrx_word' id='word_1_530' title='bbox 1683 1495 1724 1540; x_wconf 92' lang='lat' dir='ltr'>cst</span> <span class='ocrx_word' id='word_1_531' title='bbox 1737 1484 1826 1556; x_wconf 80' lang='lat' dir='ltr'>Aggoet&#39;</span> <span class='ocrx_word' id='word_1_532' title='bbox 1845 1493 1867 1540; x_wconf 88' lang='lat' dir='ltr'>et</span> <span class='ocrx_word' id='word_1_533' title='bbox 1882 1482 2015 1542; x_wconf 75' lang='lat' dir='ltr'>Zachariae</span> <span class='ocrx_word' id='word_1_534' title='bbox 2031 1485 2093 1541; x_wconf 90' lang='lat' dir='ltr'>:sie</span> <span class='ocrx_word' id='word_1_535' title='bbox 2113 1484 2200 1541; x_wconf 87' lang='lat' dir='ltr'>habet</span> 
     </span>
     <span class='ocr_line' id='line_1_71' title="bbox 1401 1574 2199 1655; baseline 0.006 -28"><span class='ocrx_word' id='word_1_536' title='bbox 1401 1574 1516 1629; x_wconf 90' lang='lat' dir='ltr'>titulum.</span> <span class='ocrx_word' id='word_1_537' title='bbox 1534 1574 1577 1630; x_wconf 89' lang='lat' dir='ltr'>lsti</span> <span class='ocrx_word' id='word_1_538' title='bbox 1590 1575 1643 1629; x_wconf 91' lang='lat' dir='ltr'>dun</span> <span class='ocrx_word' id='word_1_539' title='bbox 1662 1575 1813 1646; x_wconf 75' lang='lat' dir='ltr'>propalatae,</span> <span class='ocrx_word' id='word_1_540' title='bbox 1827 1591 1860 1632; x_wconf 91' lang='lat' dir='ltr'>eo</span> <span class='ocrx_word' id='word_1_541' title='bbox 1871 1585 1990 1655; x_wconf 83' lang='lat' dir='ltr'>tempore</span> <span class='ocrx_word' id='word_1_542' title='bbox 2003 1592 2056 1647; x_wconf 90' lang='lat' dir='ltr'>quo</span> <span class='ocrx_word' id='word_1_543' title='bbox 2070 1577 2199 1647; x_wconf 83' lang='lat' dir='ltr'>captivus</span> 
     </span>
     <span class='ocr_line' id='line_1_72' title="bbox 1399 1650 2195 1738; baseline 0.004 -20"><span class='ocrx_word' id='word_1_544' title='bbox 1399 1664 1514 1736; x_wconf 86' lang='lat' dir='ltr'>populus</span> <span class='ocrx_word' id='word_1_545' title='bbox 1529 1665 1669 1721; x_wconf 85' lang='lat' dir='ltr'>tenebatur</span> <span class='ocrx_word' id='word_1_546' title='bbox 1691 1666 1718 1721; x_wconf 89' lang='lat' dir='ltr'>ia</span> <span class='ocrx_word' id='word_1_547' title='bbox 1733 1665 1897 1738; x_wconf 73' lang='lat' dir='ltr'>babylonia,</span> <span class='ocrx_word' id='word_1_548' title='bbox 1920 1665 2115 1738; x_wconf 80' lang='lat' dir='ltr'>prophetabant</span> <span class='ocrx_word' id='word_1_549' title='bbox 2136 1650 2195 1737; x_wconf 70' lang='lat' dir='ltr'>jam</span> 
     </span>
     <span class='ocr_line' id='line_1_73' title="bbox 1398 1755 2197 1827; baseline 0.004 -17"><span class='ocrx_word' id='word_1_550' title='bbox 1398 1755 1517 1812; x_wconf 88' lang='lat' dir='ltr'>loturum</span> <span class='ocrx_word' id='word_1_551' title='bbox 1534 1756 1614 1812; x_wconf 85' lang='lat' dir='ltr'>baem</span> <span class='ocrx_word' id='word_1_552' title='bbox 1639 1758 1816 1827; x_wconf 82' lang='lat' dir='ltr'>captiuitatis,</span> <span class='ocrx_word' id='word_1_553' title='bbox 1840 1768 1870 1813; x_wconf 93' lang='lat' dir='ltr'>ut</span> <span class='ocrx_word' id='word_1_554' title='bbox 1890 1768 2087 1814; x_wconf 88' lang='lat' dir='ltr'>restauraretur</span> <span class='ocrx_word' id='word_1_555' title='bbox 2098 1760 2197 1814; x_wconf 77' lang='lat' dir='ltr'>eir-iera</span> 
     </span>
     <span class='ocr_line' id='line_1_74' title="bbox 1398 1848 2196 1922; baseline 0 -18"><span class='ocrx_word' id='word_1_556' title='bbox 1398 1848 1545 1904; x_wconf 78' lang='lat' dir='ltr'>terrentem</span> <span class='ocrx_word' id='word_1_557' title='bbox 1563 1848 1584 1921; x_wconf 93' lang='lat' dir='ltr'>(l</span> <span class='ocrx_word' id='word_1_558' title='bbox 1599 1849 1689 1904; x_wconf 73' lang='lat' dir='ltr'>Eudae</span> <span class='ocrx_word' id='word_1_559' title='bbox 1702 1866 1739 1913; x_wconf 83' lang='lat' dir='ltr'>u,</span> <span class='ocrx_word' id='word_1_560' title='bbox 1755 1852 1779 1916; x_wconf 91' lang='lat' dir='ltr'>l,</span> <span class='ocrx_word' id='word_1_561' title='bbox 1797 1849 1871 1916; x_wconf 80' lang='lat' dir='ltr'>2;ct</span> <span class='ocrx_word' id='word_1_562' title='bbox 1885 1865 1931 1918; x_wconf 86' lang='lat' dir='ltr'>rr,</span> <span class='ocrx_word' id='word_1_563' title='bbox 1947 1851 2012 1919; x_wconf 77' lang='lat' dir='ltr'>lt),</span> <span class='ocrx_word' id='word_1_564' title='bbox 2038 1866 2098 1922; x_wconf 79' lang='lat' dir='ltr'>qaam</span> <span class='ocrx_word' id='word_1_565' title='bbox 2121 1849 2196 1905; x_wconf 89' lang='lat' dir='ltr'>bello</span> 
     </span>
     <span class='ocr_line' id='line_1_75' title="bbox 1397 1941 2195 2016; baseline 0 -19"><span class='ocrx_word' id='word_1_566' title='bbox 1397 1941 1538 1997; x_wconf 85' lang='lat' dir='ltr'>occiderat.</span> <span class='ocrx_word' id='word_1_567' title='bbox 1560 1942 1781 2013; x_wconf 78' lang='lat' dir='ltr'>significaverunt</span> <span class='ocrx_word' id='word_1_568' title='bbox 1793 1956 1856 2016; x_wconf 84' lang='lat' dir='ltr'>ergo</span> <span class='ocrx_word' id='word_1_569' title='bbox 1869 1941 1948 1998; x_wconf 90' lang='lat' dir='ltr'>nobis</span> <span class='ocrx_word' id='word_1_570' title='bbox 1961 1942 1987 1997; x_wconf 91' lang='lat' dir='ltr'>in</span> <span class='ocrx_word' id='word_1_571' title='bbox 2002 1942 2135 2014; x_wconf 75' lang='lat' dir='ltr'>mysterio</span> <span class='ocrx_word' id='word_1_572' title='bbox 2151 1942 2195 1997; x_wconf 83' lang='lat' dir='ltr'>ri·</span> 
     </span>
     <span class='ocr_line' id='line_1_76' title="bbox 1397 2033 2194 2105; baseline 0.001 -18"><span class='ocrx_word' id='word_1_573' title='bbox 1397 2040 1451 2087; x_wconf 86' lang='lat' dir='ltr'>taur</span> <span class='ocrx_word' id='word_1_574' title='bbox 1467 2033 1591 2099; x_wconf 84' lang='lat' dir='ltr'>suturam,</span> <span class='ocrx_word' id='word_1_575' title='bbox 1606 2035 1651 2090; x_wconf 82' lang='lat' dir='ltr'>ribi</span> <span class='ocrx_word' id='word_1_576' title='bbox 1663 2034 1829 2090; x_wconf 86' lang='lat' dir='ltr'>laudabimus</span> <span class='ocrx_word' id='word_1_577' title='bbox 1837 2035 1921 2090; x_wconf 87' lang='lat' dir='ltr'>lleum</span> <span class='ocrx_word' id='word_1_578' title='bbox 1935 2034 2194 2105; x_wconf 81' lang='lat' dir='ltr'>pasteapdrhaum</span> 
     </span>
     <span class='ocr_line' id='line_1_77' title="bbox 1397 2123 2195 2195; baseline 0.001 -18"><span class='ocrx_word' id='word_1_579' title='bbox 1397 2125 1458 2179; x_wconf 76' lang='lat' dir='ltr'>ritae</span> <span class='ocrx_word' id='word_1_580' title='bbox 1482 2127 1640 2195; x_wconf 66' lang='lat' dir='ltr'>praeseutisr</span> <span class='ocrx_word' id='word_1_581' title='bbox 1670 2125 1714 2181; x_wconf 92' lang='lat' dir='ltr'>uhi</span> <span class='ocrx_word' id='word_1_582' title='bbox 1738 2125 1790 2181; x_wconf 92' lang='lat' dir='ltr'>erit</span> <span class='ocrx_word' id='word_1_583' title='bbox 1812 2124 1949 2181; x_wconf 80' lang='lat' dir='ltr'>innovatio</span> <span class='ocrx_word' id='word_1_584' title='bbox 1976 2125 2092 2179; x_wconf 81' lang='lat' dir='ltr'>ciuitatis</span> <span class='ocrx_word' id='word_1_585' title='bbox 2118 2123 2195 2180; x_wconf 89' lang='lat' dir='ltr'>illius</span> 
     </span>
     <span class='ocr_line' id='line_1_78' title="bbox 1397 2213 2194 2289; baseline -0.003 -20"><span class='ocrx_word' id='word_1_586' title='bbox 1397 2231 1499 2288; x_wconf 83' lang='lat' dir='ltr'>magam</span> <span class='ocrx_word' id='word_1_587' title='bbox 1512 2217 1659 2275; x_wconf 79' lang='lat' dir='ltr'>Jerusalem</span> <span class='ocrx_word' id='word_1_588' title='bbox 1676 2216 1745 2273; x_wconf 88' lang='lat' dir='ltr'>urrde</span> <span class='ocrx_word' id='word_1_589' title='bbox 1759 2215 1893 2289; x_wconf 86' lang='lat' dir='ltr'>peregrini</span> <span class='ocrx_word' id='word_1_590' title='bbox 1906 2216 2087 2286; x_wconf 84' lang='lat' dir='ltr'>suspiramus,</span> <span class='ocrx_word' id='word_1_591' title='bbox 2101 2213 2194 2285; x_wconf 87' lang='lat' dir='ltr'>eapti·</span> 
     </span>
     <span class='ocr_line' id='line_1_79' title="bbox 1395 2304 2196 2378; baseline -0.004 -15"><span class='ocrx_word' id='word_1_592' title='bbox 1395 2310 1448 2365; x_wconf 82' lang='lat' dir='ltr'>rati</span> <span class='ocrx_word' id='word_1_593' title='bbox 1463 2310 1552 2365; x_wconf 87' lang='lat' dir='ltr'>adbuc</span> <span class='ocrx_word' id='word_1_594' title='bbox 1566 2310 1616 2365; x_wconf 85' lang='lat' dir='ltr'>sub</span> <span class='ocrx_word' id='word_1_595' title='bbox 1636 2324 1720 2366; x_wconf 90' lang='lat' dir='ltr'>onere</span> <span class='ocrx_word' id='word_1_596' title='bbox 1738 2317 1766 2364; x_wconf 92' lang='lat' dir='ltr'>et</span> <span class='ocrx_word' id='word_1_597' title='bbox 1783 2308 1889 2364; x_wconf 87' lang='lat' dir='ltr'>sarcina</span> <span class='ocrx_word' id='word_1_598' title='bbox 1910 2307 2030 2378; x_wconf 89' lang='lat' dir='ltr'>eorporis</span> <span class='ocrx_word' id='word_1_599' title='bbox 2047 2304 2196 2372; x_wconf 81' lang='lat' dir='ltr'>mortalis;&#39;</span> 
     </span>
    </p>
   </div>
   <div class='ocr_carea' id='block_1_9' title="bbox 1396 2396 2291 2471">
    <p class='ocr_par' dir='ltr' id='par_1_11' title="bbox 1396 2396 2291 2471">
     <span class='ocr_line' id='line_1_80' title="bbox 1396 2396 2291 2471; baseline -0.011 -15"><span class='ocrx_word' id='word_1_600' title='bbox 1396 2401 1466 2457; x_wconf 92' lang='lat' dir='ltr'>unde</span> <span class='ocrx_word' id='word_1_601' title='bbox 1481 2401 1568 2456; x_wconf 90' lang='lat' dir='ltr'>adhue</span> <span class='ocrx_word' id='word_1_602' title='bbox 1586 2400 1719 2471; x_wconf 90' lang='lat' dir='ltr'>gemimus</span> <span class='ocrx_word' id='word_1_603' title='bbox 1737 2401 1765 2456; x_wconf 92' lang='lat' dir='ltr'>in</span> <span class='ocrx_word' id='word_1_604' title='bbox 1786 2399 2015 2470; x_wconf 86' lang='lat' dir='ltr'>peregrinatione,</span> <span class='ocrx_word' id='word_1_605' title='bbox 2039 2396 2193 2453; x_wconf 88' lang='lat' dir='ltr'>exsultabi·</span> <span class='ocrx_word' id='word_1_606' title='bbox 2287 2416 2291 2426; x_wconf 89' lang='lat'><strong>·</strong></span> 
     </span>
    </p>
   </div>
   <div class='ocr_carea' id='block_1_10' title="bbox 1386 2488 2191 5870">
    <p class='ocr_par' dir='ltr' id='par_1_12' title="bbox 1386 2488 2191 5870">
     <span class='ocr_line' id='line_1_81' title="bbox 1394 2488 2191 2565; baseline -0.008 -17"><span class='ocrx_word' id='word_1_607' title='bbox 1394 2500 1556 2551; x_wconf 89' lang='lat' dir='ltr'>iausautern</span> <span class='ocrx_word' id='word_1_608' title='bbox 1570 2492 1703 2565; x_wconf 84' lang='lat' dir='ltr'>lupatria.</span> <span class='ocrx_word' id='word_1_609' title='bbox 1726 2491 1776 2559; x_wconf 85' lang='lat' dir='ltr'>Qui</span> <span class='ocrx_word' id='word_1_610' title='bbox 1795 2500 1884 2547; x_wconf 86' lang='lat' dir='ltr'>auteur</span> <span class='ocrx_word' id='word_1_611' title='bbox 1899 2505 1953 2545; x_wconf 93' lang='lat' dir='ltr'>noa</span> <span class='ocrx_word' id='word_1_612' title='bbox 1971 2488 2055 2561; x_wconf 87' lang='lat' dir='ltr'>gemit</span> <span class='ocrx_word' id='word_1_613' title='bbox 2068 2488 2191 2559; x_wconf 84' lang='lat' dir='ltr'>peregri-</span> 
     </span>
     <span class='ocr_line' id='line_1_82' title="bbox 1394 2577 2191 2654; baseline -0.01 -14"><span class='ocrx_word' id='word_1_614' title='bbox 1394 2600 1454 2652; x_wconf 84' lang='lat' dir='ltr'>nus,</span> <span class='ocrx_word' id='word_1_615' title='bbox 1469 2599 1521 2640; x_wconf 92' lang='lat' dir='ltr'>noa</span> <span class='ocrx_word' id='word_1_616' title='bbox 1535 2584 1660 2654; x_wconf 90' lang='lat' dir='ltr'>gaudebit</span> <span class='ocrx_word' id='word_1_617' title='bbox 1672 2583 1757 2648; x_wconf 76' lang='lat' dir='ltr'>ciris,</span> <span class='ocrx_word' id='word_1_618' title='bbox 1780 2582 1842 2653; x_wconf 84' lang='lat' dir='ltr'>qrria</span> <span class='ocrx_word' id='word_1_619' title='bbox 1855 2580 2017 2637; x_wconf 87' lang='lat' dir='ltr'>desiderium</span> <span class='ocrx_word' id='word_1_620' title='bbox 2029 2595 2083 2634; x_wconf 91' lang='lat' dir='ltr'>non</span> <span class='ocrx_word' id='word_1_621' title='bbox 2103 2585 2149 2635; x_wconf 87' lang='lat' dir='ltr'>cst</span> <span class='ocrx_word' id='word_1_622' title='bbox 2162 2577 2191 2633; x_wconf 90' lang='lat' dir='ltr'>ia</span> 
     </span>
     <span class='ocr_line' id='line_1_83' title="bbox 1394 2667 2190 2746; baseline -0.009 -17"><span class='ocrx_word' id='word_1_623' title='bbox 1394 2676 1449 2731; x_wconf 91' lang='lat' dir='ltr'>illo.</span> <span class='ocrx_word' id='word_1_624' title='bbox 1479 2674 1618 2746; x_wconf 82' lang='lat' dir='ltr'>Propheta</span> <span class='ocrx_word' id='word_1_625' title='bbox 1638 2689 1701 2745; x_wconf 89' lang='lat' dir='ltr'>crgo</span> <span class='ocrx_word' id='word_1_626' title='bbox 1721 2670 1765 2729; x_wconf 83' lang='lat' dir='ltr'>isti</span> <span class='ocrx_word' id='word_1_627' title='bbox 1786 2671 1873 2727; x_wconf 86' lang='lat' dir='ltr'>sarrcti</span> <span class='ocrx_word' id='word_1_628' title='bbox 1888 2684 2011 2740; x_wconf 86' lang='lat' dir='ltr'>magnam</span> <span class='ocrx_word' id='word_1_629' title='bbox 2023 2667 2190 2724; x_wconf 89' lang='lat' dir='ltr'>consolatio-</span> 
     </span>
     <span class='ocr_line' id='line_1_84' title="bbox 1393 2758 2188 2839; baseline -0.016 -13"><span class='ocrx_word' id='word_1_630' title='bbox 1393 2784 1453 2826; x_wconf 90' lang='lat' dir='ltr'>nem</span> <span class='ocrx_word' id='word_1_631' title='bbox 1477 2769 1648 2839; x_wconf 82' lang='lat' dir='ltr'>praebuerunt</span> <span class='ocrx_word' id='word_1_632' title='bbox 1672 2775 1735 2822; x_wconf 92' lang='lat' dir='ltr'>tune</span> <span class='ocrx_word' id='word_1_633' title='bbox 1754 2764 1890 2834; x_wconf 74' lang='lat' dir='ltr'>captivato</span> <span class='ocrx_word' id='word_1_634' title='bbox 1914 2762 2012 2832; x_wconf 91' lang='lat' dir='ltr'>populo</span> <span class='ocrx_word' id='word_1_635' title='bbox 2037 2758 2188 2817; x_wconf 87' lang='lat' dir='ltr'>secundom</span> 
     </span>
     <span class='ocr_line' id='line_1_85' title="bbox 1392 2850 2189 2926; baseline -0.018 -9"><span class='ocrx_word' id='word_1_636' title='bbox 1392 2876 1520 2925; x_wconf 89' lang='lat' dir='ltr'>carnem,</span> <span class='ocrx_word' id='word_1_637' title='bbox 1535 2859 1562 2914; x_wconf 90' lang='lat' dir='ltr'>id</span> <span class='ocrx_word' id='word_1_638' title='bbox 1581 2868 1641 2925; x_wconf 92' lang='lat' dir='ltr'>est,</span> <span class='ocrx_word' id='word_1_639' title='bbox 1656 2857 1800 2914; x_wconf 89' lang='lat' dir='ltr'>constituto</span> <span class='ocrx_word' id='word_1_640' title='bbox 1813 2855 1840 2912; x_wconf 91' lang='lat' dir='ltr'>in</span> <span class='ocrx_word' id='word_1_641' title='bbox 1854 2853 2001 2926; x_wconf 73' lang='lat' dir='ltr'>Babylonia</span> <span class='ocrx_word' id='word_1_642' title='bbox 2014 2851 2064 2908; x_wconf 90' lang='lat' dir='ltr'>sub</span> <span class='ocrx_word' id='word_1_643' title='bbox 2077 2850 2189 2922; x_wconf 83' lang='lat' dir='ltr'>regibus</span> 
     </span>
     <span class='ocr_line' id='line_1_86' title="bbox 1391 2941 2191 3025; baseline -0.014 -17"><span class='ocrx_word' id='word_1_644' title='bbox 1391 2954 1557 3025; x_wconf 89' lang='lat' dir='ltr'>alienigenis.</span> <span class='ocrx_word' id='word_1_645' title='bbox 1578 2950 1762 3008; x_wconf 78' lang='lat' dir='ltr'>ostendebant</span> <span class='ocrx_word' id='word_1_646' title='bbox 1784 2949 1856 3006; x_wconf 90' lang='lat' dir='ltr'>enim</span> <span class='ocrx_word' id='word_1_647' title='bbox 1872 2963 1920 3019; x_wconf 86' lang='lat' dir='ltr'>per</span> <span class='ocrx_word' id='word_1_648' title='bbox 1935 2944 2128 3018; x_wconf 88' lang='lat' dir='ltr'>prophetiam,</span> <span class='ocrx_word' id='word_1_649' title='bbox 2150 2941 2191 2997; x_wconf 87' lang='lat' dir='ltr'>tn·</span> 
     </span>
     <span class='ocr_line' id='line_1_87' title="bbox 1391 3035 2188 3114; baseline -0.015 -13"><span class='ocrx_word' id='word_1_650' title='bbox 1391 3055 1479 3102; x_wconf 86' lang='lat' dir='ltr'>turum</span> <span class='ocrx_word' id='word_1_651' title='bbox 1501 3054 1606 3114; x_wconf 85' lang='lat' dir='ltr'>tempus</span> <span class='ocrx_word' id='word_1_652' title='bbox 1629 3041 1795 3099; x_wconf 88' lang='lat' dir='ltr'>liberationis</span> <span class='ocrx_word' id='word_1_653' title='bbox 1815 3056 1831 3095; x_wconf 94' lang='lat' dir='ltr'>a</span> <span class='ocrx_word' id='word_1_654' title='bbox 1850 3038 2023 3110; x_wconf 78' lang='lat' dir='ltr'>captivitate,</span> <span class='ocrx_word' id='word_1_655' title='bbox 2049 3035 2188 3090; x_wconf 83' lang='lat' dir='ltr'>instaura·</span> 
     </span>
     <span class='ocr_line' id='line_1_88' title="bbox 1391 3127 2189 3201; baseline -0.018 -9"><span class='ocrx_word' id='word_1_656' title='bbox 1391 3137 1469 3192; x_wconf 90' lang='lat' dir='ltr'>tinnis</span> <span class='ocrx_word' id='word_1_657' title='bbox 1482 3134 1641 3192; x_wconf 84' lang='lat' dir='ltr'>Jerusalem.</span> <span class='ocrx_word' id='word_1_658' title='bbox 1663 3133 1716 3190; x_wconf 87' lang='lat' dir='ltr'>Sed</span> <span class='ocrx_word' id='word_1_659' title='bbox 1731 3133 1776 3187; x_wconf 90' lang='lat' dir='ltr'>illa</span> <span class='ocrx_word' id='word_1_660' title='bbox 1787 3131 1879 3188; x_wconf 90' lang='lat' dir='ltr'>omnia</span> <span class='ocrx_word' id='word_1_661' title='bbox 1893 3130 1921 3185; x_wconf 92' lang='lat' dir='ltr'>in</span> <span class='ocrx_word' id='word_1_662' title='bbox 1935 3127 2017 3201; x_wconf 90' lang='lat' dir='ltr'>ligura</span> <span class='ocrx_word' id='word_1_663' title='bbox 2032 3133 2109 3198; x_wconf 88' lang='lat' dir='ltr'>gesta</span> <span class='ocrx_word' id='word_1_664' title='bbox 2123 3131 2189 3181; x_wconf 80' lang='lat' dir='ltr'>arant</span> 
     </span>
     <span class='ocr_line' id='line_1_89' title="bbox 1389 3221 2188 3304; baseline -0.016 -18"><span class='ocrx_word' id='word_1_665' title='bbox 1389 3229 1412 3304; x_wconf 80' lang='lat' dir='ltr'>(l</span> <span class='ocrx_word' id='word_1_666' title='bbox 1427 3229 1485 3286; x_wconf 83' lang='lat' dir='ltr'>Gor.</span> <span class='ocrx_word' id='word_1_667' title='bbox 1502 3245 1520 3284; x_wconf 86' lang='lat' dir='ltr'>x</span> <span class='ocrx_word' id='word_1_668' title='bbox 1533 3271 1540 3295; x_wconf 90' lang='lat'>,</span> <span class='ocrx_word' id='word_1_669' title='bbox 1553 3229 1580 3300; x_wconf 90' lang='grc'>6)</span> <span class='ocrx_word' id='word_1_670' title='bbox 1594 3245 1601 3295; x_wconf 91' lang='grc'><strong>;</strong></span> <span class='ocrx_word' id='word_1_671' title='bbox 1623 3227 1721 3283; x_wconf 87' lang='lat' dir='ltr'>habent</span> <span class='ocrx_word' id='word_1_672' title='bbox 1734 3227 1873 3282; x_wconf 78' lang='lat' dir='ltr'>ceritatem</span> <span class='ocrx_word' id='word_1_673' title='bbox 1886 3239 1962 3280; x_wconf 84' lang='lat' dir='ltr'>auam</span> <span class='ocrx_word' id='word_1_674' title='bbox 1974 3240 1983 3278; x_wconf 77' lang='lat' dir='ltr'>a</span> <span class='ocrx_word' id='word_1_675' title='bbox 1997 3221 2109 3293; x_wconf 83' lang='lat' dir='ltr'>figurata</span> <span class='ocrx_word' id='word_1_676' title='bbox 2123 3230 2188 3274; x_wconf 84' lang='lat' dir='ltr'>sunt</span> 
     </span>
     <span class='ocr_line' id='line_1_90' title="bbox 1389 3310 2185 3390; baseline -0.015 -13"><span class='ocrx_word' id='word_1_677' title='bbox 1389 3323 1415 3377; x_wconf 95' lang='lat' dir='ltr'>in</span> <span class='ocrx_word' id='word_1_678' title='bbox 1429 3320 1564 3390; x_wconf 86' lang='lat' dir='ltr'>antiquis,</span> <span class='ocrx_word' id='word_1_679' title='bbox 1589 3318 1729 3389; x_wconf 76' lang='lat' dir='ltr'>praesentia</span> <span class='ocrx_word' id='word_1_680' title='bbox 1749 3315 1926 3372; x_wconf 85' lang='lat' dir='ltr'>ostenduntur</span> <span class='ocrx_word' id='word_1_681' title='bbox 1945 3314 1972 3369; x_wconf 92' lang='lat' dir='ltr'>in</span> <span class='ocrx_word' id='word_1_682' title='bbox 1992 3313 2080 3369; x_wconf 81' lang='lat' dir='ltr'>nobis.</span> <span class='ocrx_word' id='word_1_683' title='bbox 2103 3310 2185 3366; x_wconf 82' lang='lat' dir='ltr'>bludo</span> 
     </span>
     <span class='ocr_line' id='line_1_91' title="bbox 1388 3404 2184 3483; baseline -0.015 -15"><span class='ocrx_word' id='word_1_684' title='bbox 1388 3427 1453 3483; x_wconf 88' lang='lat' dir='ltr'>crgo</span> <span class='ocrx_word' id='word_1_685' title='bbox 1467 3411 1530 3482; x_wconf 87' lang='lat' dir='ltr'>quid</span> <span class='ocrx_word' id='word_1_686' title='bbox 1549 3410 1615 3467; x_wconf 88' lang='lat' dir='ltr'>dicit</span> <span class='ocrx_word' id='word_1_687' title='bbox 1633 3408 1798 3481; x_wconf 79' lang='lat' dir='ltr'>Apostolus?</span> <span class='ocrx_word' id='word_1_688' title='bbox 1824 3406 1953 3475; x_wconf 81' lang='lat' dir='ltr'>Quantaliu</span> <span class='ocrx_word' id='word_1_689' title='bbox 1972 3420 2060 3460; x_wconf 77' lang='lat' dir='ltr'>eumue</span> <span class='ocrx_word' id='word_1_690' title='bbox 2075 3404 2102 3457; x_wconf 91' lang='lat' dir='ltr'>ia</span> <span class='ocrx_word' id='word_1_691' title='bbox 2124 3419 2184 3457; x_wconf 86' lang='lat' dir='ltr'>cor·</span> 
     </span>
     <span class='ocr_line' id='line_1_92' title="bbox 1389 3494 2184 3575; baseline -0.01 -17"><span class='ocrx_word' id='word_1_692' title='bbox 1389 3521 1458 3575; x_wconf 83' lang='lat' dir='ltr'>porc,</span> <span class='ocrx_word' id='word_1_693' title='bbox 1475 3502 1693 3574; x_wconf 72' lang='lat' dir='ltr'>peregrinantum</span> <span class='ocrx_word' id='word_1_694' title='bbox 1707 3496 1817 3555; x_wconf 80' lang='lat' dir='ltr'>Doctrina</span> <span class='ocrx_word' id='word_1_695' title='bbox 1829 3497 1864 3570; x_wconf 91' lang='lat' dir='ltr'>(ll</span> <span class='ocrx_word' id='word_1_696' title='bbox 1874 3497 1933 3553; x_wconf 83' lang='lat' dir='ltr'>Gor.</span> <span class='ocrx_word' id='word_1_697' title='bbox 1947 3513 1982 3564; x_wconf 82' lang='lat' dir='ltr'>v,</span> <span class='ocrx_word' id='word_1_698' title='bbox 1998 3494 2038 3568; x_wconf 85' lang='grc'>6).</span> <span class='ocrx_word' id='word_1_699' title='bbox 2054 3495 2184 3551; x_wconf 84' lang='lat' dir='ltr'>Nondum</span> 
     </span>
     <span class='ocr_line' id='line_1_93' title="bbox 1387 3583 2184 3662; baseline -0.018 -11"><span class='ocrx_word' id='word_1_700' title='bbox 1387 3609 1479 3651; x_wconf 80' lang='lat' dir='ltr'>aramus</span> <span class='ocrx_word' id='word_1_701' title='bbox 1494 3594 1521 3649; x_wconf 94' lang='lat' dir='ltr'>in</span> <span class='ocrx_word' id='word_1_702' title='bbox 1535 3591 1619 3662; x_wconf 87' lang='lat' dir='ltr'>patria</span> <span class='ocrx_word' id='word_1_703' title='bbox 1633 3609 1639 3644; x_wconf 93' lang='lat'><strong>:</strong></span> <span class='ocrx_word' id='word_1_704' title='bbox 1655 3590 1762 3662; x_wconf 81' lang='lat' dir='ltr'>quando</span> <span class='ocrx_word' id='word_1_705' title='bbox 1776 3590 1876 3645; x_wconf 91' lang='lat' dir='ltr'>eriaros</span> <span class='ocrx_word' id='word_1_706' title='bbox 1898 3589 1924 3644; x_wconf 93' lang='lat' dir='ltr'>in</span> <span class='ocrx_word' id='word_1_707' title='bbox 1940 3585 2046 3658; x_wconf 81' lang='lat' dir='ltr'>patriai</span> <span class='ocrx_word' id='word_1_708' title='bbox 2066 3583 2184 3652; x_wconf 82' lang='lat' dir='ltr'>Quando</span> 
     </span>
     <span class='ocr_line' id='line_1_94' title="bbox 1388 3678 2184 3756; baseline -0.013 -15"><span class='ocrx_word' id='word_1_709' title='bbox 1388 3685 1613 3756; x_wconf 90' lang='lat' dir='ltr'>triumphabimus</span> <span class='ocrx_word' id='word_1_710' title='bbox 1626 3683 1729 3740; x_wconf 80' lang='lat' dir='ltr'>deuicto</span> <span class='ocrx_word' id='word_1_711' title='bbox 1743 3683 1851 3739; x_wconf 90' lang='lat' dir='ltr'>inimico</span> <span class='ocrx_word' id='word_1_712' title='bbox 1862 3681 1979 3748; x_wconf 90' lang='lat' dir='ltr'>diabolo,</span> <span class='ocrx_word' id='word_1_713' title='bbox 1990 3678 2097 3750; x_wconf 86' lang='lat' dir='ltr'>quando</span> <span class='ocrx_word' id='word_1_714' title='bbox 2113 3694 2184 3732; x_wconf 84' lang='lat' dir='ltr'>arara</span> 
     </span>
     <span class='ocr_line' id='line_1_95' title="bbox 1386 3768 2183 3840; baseline -0.013 -8"><span class='ocrx_word' id='word_1_715' title='bbox 1386 3778 1522 3832; x_wconf 80' lang='lat' dir='ltr'>uooiaairuc</span> <span class='ocrx_word' id='word_1_716' title='bbox 1540 3777 1643 3829; x_wconf 86' lang='lat' dir='ltr'>irriaticc</span> <span class='ocrx_word' id='word_1_717' title='bbox 1661 3775 1802 3828; x_wconf 76' lang='lat' dir='ltr'>destruetur</span> <span class='ocrx_word' id='word_1_718' title='bbox 1816 3780 1894 3825; x_wconf 83' lang='lat' dir='ltr'>:tunc</span> <span class='ocrx_word' id='word_1_719' title='bbox 1906 3771 1950 3840; x_wconf 72' lang='lat' dir='ltr'>stet</span> <span class='ocrx_word' id='word_1_720' title='bbox 1966 3784 2049 3825; x_wconf 72' lang='lat' dir='ltr'>mnne</span> <span class='ocrx_word' id='word_1_721' title='bbox 2061 3769 2105 3839; x_wconf 84' lang='lat' dir='ltr'>gui</span> <span class='ocrx_word' id='word_1_722' title='bbox 2118 3768 2183 3823; x_wconf 79' lang='lat' dir='ltr'>ceri·</span> 
     </span>
     <span class='ocr_line' id='line_1_96' title="bbox 1386 3858 2181 3939; baseline -0.013 -17"><span class='ocrx_word' id='word_1_723' title='bbox 1386 3877 1445 3939; x_wconf 81' lang='lat' dir='ltr'>plue</span> <span class='ocrx_word' id='word_1_724' title='bbox 1457 3875 1503 3934; x_wconf 77' lang='lat' dir='ltr'>eat,</span> <span class='ocrx_word' id='word_1_725' title='bbox 1517 3865 1642 3937; x_wconf 80' lang='lat' dir='ltr'>Absorpto</span> <span class='ocrx_word' id='word_1_726' title='bbox 1654 3875 1691 3919; x_wconf 81' lang='lat' dir='ltr'>eat</span> <span class='ocrx_word' id='word_1_727' title='bbox 1701 3863 1805 3918; x_wconf 69' lang='lat' dir='ltr'>aternio</span> <span class='ocrx_word' id='word_1_728' title='bbox 1819 3862 1959 3917; x_wconf 79' lang='lat' dir='ltr'>uictoriam.</span> <span class='ocrx_word' id='word_1_729' title='bbox 1975 3858 2024 3916; x_wconf 70' lang='lat' dir='ltr'>llll</span> <span class='ocrx_word' id='word_1_730' title='bbox 2039 3868 2085 3921; x_wconf 77' lang='lat' dir='ltr'>eet,</span> <span class='ocrx_word' id='word_1_731' title='bbox 2100 3874 2181 3923; x_wconf 76' lang='lat' dir='ltr'>arura,</span> 
     </span>
     <span class='ocr_line' id='line_1_97' title="bbox 1386 3947 2181 4021; baseline -0.014 -8"><span class='ocrx_word' id='word_1_732' title='bbox 1386 3958 1510 4014; x_wconf 88' lang='lat' dir='ltr'>contentio</span> <span class='ocrx_word' id='word_1_733' title='bbox 1530 3956 1593 4011; x_wconf 83' lang='lat' dir='ltr'>tuo?</span> <span class='ocrx_word' id='word_1_734' title='bbox 1605 3955 1647 4009; x_wconf 81' lang='lat' dir='ltr'>ubi</span> <span class='ocrx_word' id='word_1_735' title='bbox 1659 3964 1712 4021; x_wconf 83' lang='lat' dir='ltr'>eet,</span> <span class='ocrx_word' id='word_1_736' title='bbox 1725 3969 1812 4020; x_wconf 83' lang='lat' dir='ltr'>mort,</span> <span class='ocrx_word' id='word_1_737' title='bbox 1829 3952 1933 4007; x_wconf 74' lang='lat' dir='ltr'>eculeus</span> <span class='ocrx_word' id='word_1_738' title='bbox 1947 3959 2005 4004; x_wconf 81' lang='lat' dir='ltr'>tuuc</span> <span class='ocrx_word' id='word_1_739' title='bbox 2023 3949 2045 4020; x_wconf 90' lang='lat' dir='ltr'>(l</span> <span class='ocrx_word' id='word_1_740' title='bbox 2058 3947 2119 4004; x_wconf 81' lang='lat' dir='ltr'>Cor.</span> <span class='ocrx_word' id='word_1_741' title='bbox 2135 3965 2181 4014; x_wconf 78' lang='lat' dir='ltr'>aa,</span> 
     </span>
     <span class='ocr_line' id='line_1_98' title="bbox 1386 4041 2180 4121; baseline -0.019 -14"><span class='ocrx_word' id='word_1_742' title='bbox 1386 4051 1433 4119; x_wconf 71' lang='lat' dir='ltr'>bd,</span> <span class='ocrx_word' id='word_1_743' title='bbox 1449 4050 1494 4117; x_wconf 74' lang='lat' dir='ltr'>dl,</span> <span class='ocrx_word' id='word_1_744' title='bbox 1509 4049 1576 4121; x_wconf 67' lang='lat' dir='ltr'>dili</span> <span class='ocrx_word' id='word_1_745' title='bbox 1590 4047 1702 4116; x_wconf 84' lang='lat' dir='ltr'>Quando</span> <span class='ocrx_word' id='word_1_746' title='bbox 1711 4062 1775 4117; x_wconf 88' lang='lat' dir='ltr'>crgo</span> <span class='ocrx_word' id='word_1_747' title='bbox 1786 4044 1857 4101; x_wconf 89' lang='lat' dir='ltr'>nulla</span> <span class='ocrx_word' id='word_1_748' title='bbox 1866 4044 1916 4100; x_wconf 92' lang='lat' dir='ltr'>crit</span> <span class='ocrx_word' id='word_1_749' title='bbox 1927 4042 2021 4097; x_wconf 90' lang='lat' dir='ltr'>mortls</span> <span class='ocrx_word' id='word_1_750' title='bbox 2029 4041 2180 4108; x_wconf 88' lang='lat' dir='ltr'>eontentio,</span> 
     </span>
     <span class='ocr_line' id='line_1_99' title="bbox 1387 4135 2181 4216; baseline -0.015 -16"><span class='ocrx_word' id='word_1_751' title='bbox 1387 4159 1447 4216; x_wconf 76' lang='lat' dir='ltr'>qua</span> <span class='ocrx_word' id='word_1_752' title='bbox 1460 4143 1541 4199; x_wconf 86' lang='lat' dir='ltr'>ruodo</span> <span class='ocrx_word' id='word_1_753' title='bbox 1554 4150 1606 4210; x_wconf 87' lang='lat' dir='ltr'>cst,</span> <span class='ocrx_word' id='word_1_754' title='bbox 1621 4150 1648 4198; x_wconf 89' lang='lat' dir='ltr'>et</span> <span class='ocrx_word' id='word_1_755' title='bbox 1660 4140 1722 4195; x_wconf 89' lang='lat' dir='ltr'>lacit</span> <span class='ocrx_word' id='word_1_756' title='bbox 1734 4154 1784 4195; x_wconf 92' lang='lat' dir='ltr'>nos</span> <span class='ocrx_word' id='word_1_757' title='bbox 1794 4153 1903 4210; x_wconf 89' lang='lat' dir='ltr'>gemere</span> <span class='ocrx_word' id='word_1_758' title='bbox 1914 4152 1950 4192; x_wconf 87' lang='lat' dir='ltr'>ox</span> <span class='ocrx_word' id='word_1_759' title='bbox 1963 4135 2068 4192; x_wconf 87' lang='lat' dir='ltr'>delectu</span> <span class='ocrx_word' id='word_1_760' title='bbox 2078 4144 2107 4190; x_wconf 92' lang='lat' dir='ltr'>ct</span> <span class='ocrx_word' id='word_1_761' title='bbox 2121 4150 2181 4189; x_wconf 90' lang='lat' dir='ltr'>mu·</span> 
     </span>
     <span class='ocr_line' id='line_1_100' title="bbox 1386 4226 2182 4303; baseline -0.011 -12"><span class='ocrx_word' id='word_1_762' title='bbox 1386 4236 1515 4292; x_wconf 86' lang='lat' dir='ltr'>tabilitalc</span> <span class='ocrx_word' id='word_1_763' title='bbox 1528 4249 1628 4300; x_wconf 89' lang='lat' dir='ltr'>rerum,</span> <span class='ocrx_word' id='word_1_764' title='bbox 1644 4248 1678 4289; x_wconf 84' lang='lat' dir='ltr'>cx</span> <span class='ocrx_word' id='word_1_765' title='bbox 1693 4231 1834 4303; x_wconf 79' lang='lat' dir='ltr'>fragilitate</span> <span class='ocrx_word' id='word_1_766' title='bbox 1846 4230 1934 4286; x_wconf 86' lang='lat' dir='ltr'>earnis</span> <span class='ocrx_word' id='word_1_767' title='bbox 1949 4226 2096 4284; x_wconf 80' lang='lat' dir='ltr'>hunraual</span> <span class='ocrx_word' id='word_1_768' title='bbox 2109 4227 2182 4283; x_wconf 83' lang='lat' dir='ltr'>Corr-</span> 
     </span>
     <span class='ocr_line' id='line_1_101' title="bbox 1386 4319 2183 4397; baseline -0.015 -13"><span class='ocrx_word' id='word_1_769' title='bbox 1386 4329 1498 4385; x_wconf 92' lang='lat' dir='ltr'>tendunt</span> <span class='ocrx_word' id='word_1_770' title='bbox 1520 4327 1656 4383; x_wconf 83' lang='lat' dir='ltr'>nobiscum</span> <span class='ocrx_word' id='word_1_771' title='bbox 1680 4324 1798 4397; x_wconf 88' lang='lat' dir='ltr'>qnotidie</span> <span class='ocrx_word' id='word_1_772' title='bbox 1814 4322 1992 4386; x_wconf 88' lang='lat' dir='ltr'>tentationes,</span> <span class='ocrx_word' id='word_1_773' title='bbox 2012 4319 2183 4375; x_wconf 87' lang='lat' dir='ltr'>contendunt</span> 
     </span>
     <span class='ocr_line' id='line_1_102' title="bbox 1387 4411 2182 4493; baseline -0.014 -18"><span class='ocrx_word' id='word_1_774' title='bbox 1387 4421 1506 4493; x_wconf 89' lang='lat' dir='ltr'>quotidie</span> <span class='ocrx_word' id='word_1_775' title='bbox 1520 4417 1710 4476; x_wconf 87' lang='lat' dir='ltr'>delectationes</span> <span class='ocrx_word' id='word_1_776' title='bbox 1722 4433 1729 4469; x_wconf 91' lang='lat'>:</span> <span class='ocrx_word' id='word_1_777' title='bbox 1741 4415 1790 4471; x_wconf 92' lang='lat' dir='ltr'>etsi</span> <span class='ocrx_word' id='word_1_778' title='bbox 1804 4429 1857 4469; x_wconf 93' lang='lat' dir='ltr'>nou</span> <span class='ocrx_word' id='word_1_779' title='bbox 1867 4411 2077 4475; x_wconf 84' lang='lat' dir='ltr'>consentiamus,</span> <span class='ocrx_word' id='word_1_780' title='bbox 2089 4419 2182 4466; x_wconf 89' lang='lat' dir='ltr'>tamen</span> 
     </span>
     <span class='ocr_line' id='line_1_103' title="bbox 1387 4504 2181 4582; baseline -0.021 -13"><span class='ocrx_word' id='word_1_781' title='bbox 1387 4513 1538 4569; x_wconf 86' lang='lat' dir='ltr'>molestiam</span> <span class='ocrx_word' id='word_1_782' title='bbox 1554 4511 1680 4582; x_wconf 87' lang='lat' dir='ltr'>patimur,</span> <span class='ocrx_word' id='word_1_783' title='bbox 1696 4516 1723 4564; x_wconf 92' lang='lat' dir='ltr'>et</span> <span class='ocrx_word' id='word_1_784' title='bbox 1736 4504 1933 4569; x_wconf 75' lang='lat' dir='ltr'>columbanos,</span> <span class='ocrx_word' id='word_1_785' title='bbox 1948 4512 1976 4558; x_wconf 87' lang='lat' dir='ltr'>ct</span> <span class='ocrx_word' id='word_1_786' title='bbox 1988 4515 2117 4571; x_wconf 87' lang='lat' dir='ltr'>maguum</span> <span class='ocrx_word' id='word_1_787' title='bbox 2130 4515 2181 4570; x_wconf 89' lang='lat' dir='ltr'>pe-</span> 
     </span>
     <span class='ocr_line' id='line_1_104' title="bbox 1387 4594 2181 4674; baseline -0.019 -11"><span class='ocrx_word' id='word_1_788' title='bbox 1387 4607 1498 4663; x_wconf 88' lang='lat' dir='ltr'>rieulum</span> <span class='ocrx_word' id='word_1_789' title='bbox 1513 4613 1554 4661; x_wconf 91' lang='lat' dir='ltr'>est</span> <span class='ocrx_word' id='word_1_790' title='bbox 1568 4618 1602 4659; x_wconf 91' lang='lat' dir='ltr'>ne</span> <span class='ocrx_word' id='word_1_791' title='bbox 1616 4601 1661 4674; x_wconf 85' lang='lat' dir='ltr'>qrri</span> <span class='ocrx_word' id='word_1_792' title='bbox 1675 4599 1811 4657; x_wconf 89' lang='lat' dir='ltr'>contendit</span> <span class='ocrx_word' id='word_1_793' title='bbox 1823 4598 1961 4662; x_wconf 71' lang='lat' dir='ltr'>uideatura</span> <span class='ocrx_word' id='word_1_794' title='bbox 1983 4594 2005 4650; x_wconf 92' lang='lat' dir='ltr'>si</span> <span class='ocrx_word' id='word_1_795' title='bbox 2018 4602 2111 4648; x_wconf 91' lang='lat' dir='ltr'>autem</span> <span class='ocrx_word' id='word_1_796' title='bbox 2125 4607 2181 4648; x_wconf 92' lang='lat' dir='ltr'>non</span> 
     </span>
     <span class='ocr_line' id='line_1_105' title="bbox 1386 4685 2183 4759; baseline -0.024 -1"><span class='ocrx_word' id='word_1_797' title='bbox 1386 4699 1579 4758; x_wconf 85' lang='lat' dir='ltr'>consentiendo</span> <span class='ocrx_word' id='word_1_798' title='bbox 1603 4697 1754 4759; x_wconf 85' lang='lat' dir='ltr'>vincamus,</span> <span class='ocrx_word' id='word_1_799' title='bbox 1780 4690 1929 4747; x_wconf 87' lang='lat' dir='ltr'>molestiam</span> <span class='ocrx_word' id='word_1_800' title='bbox 1952 4696 2043 4744; x_wconf 71' lang='lat' dir='ltr'>nmen</span> <span class='ocrx_word' id='word_1_801' title='bbox 2062 4685 2183 4756; x_wconf 89' lang='lat' dir='ltr'>patimur</span> 
     </span>
     <span class='ocr_line' id='line_1_106' title="bbox 1386 4777 2184 4850; baseline -0.024 0"><span class='ocrx_word' id='word_1_802' title='bbox 1386 4792 1538 4850; x_wconf 89' lang='lat' dir='ltr'>resistendo</span> <span class='ocrx_word' id='word_1_803' title='bbox 1550 4785 1780 4846; x_wconf 90' lang='lat' dir='ltr'>delectationibus.</span> <span class='ocrx_word' id='word_1_804' title='bbox 1794 4783 1852 4838; x_wconf 90' lang='lat' dir='ltr'>Non</span> <span class='ocrx_word' id='word_1_805' title='bbox 1864 4788 1953 4836; x_wconf 89' lang='lat' dir='ltr'>cessat</span> <span class='ocrx_word' id='word_1_806' title='bbox 1965 4821 1973 4845; x_wconf 94' lang='lat'>,</span> <span class='ocrx_word' id='word_1_807' title='bbox 1987 4787 2015 4834; x_wconf 91' lang='lat' dir='ltr'>et</span> <span class='ocrx_word' id='word_1_808' title='bbox 2029 4793 2083 4833; x_wconf 94' lang='lat' dir='ltr'>nou</span> <span class='ocrx_word' id='word_1_809' title='bbox 2098 4777 2184 4832; x_wconf 88' lang='lat' dir='ltr'>rrrori·</span> 
     </span>
     <span class='ocr_line' id='line_1_107' title="bbox 1389 4869 2184 4950; baseline -0.021 -10"><span class='ocrx_word' id='word_1_810' title='bbox 1389 4884 1537 4950; x_wconf 88' lang='lat' dir='ltr'>turbastis,</span> <span class='ocrx_word' id='word_1_811' title='bbox 1553 4881 1604 4938; x_wconf 88' lang='lat' dir='ltr'>nlsi</span> <span class='ocrx_word' id='word_1_812' title='bbox 1618 4880 1644 4934; x_wconf 86' lang='lat' dir='ltr'>iu</span> <span class='ocrx_word' id='word_1_813' title='bbox 1656 4875 1853 4934; x_wconf 79' lang='lat' dir='ltr'>resurrectione</span> <span class='ocrx_word' id='word_1_814' title='bbox 1862 4883 2040 4929; x_wconf 89' lang='lat' dir='ltr'>mortuorum.</span> <span class='ocrx_word' id='word_1_815' title='bbox 2052 4869 2107 4926; x_wconf 87' lang='lat' dir='ltr'>Sed</span> <span class='ocrx_word' id='word_1_816' title='bbox 2118 4884 2184 4938; x_wconf 73' lang='lat' dir='ltr'>prae</span> 
     </span>
     <span class='ocr_line' id='line_1_108' title="bbox 1387 4959 2182 5039; baseline -0.019 -9"><span class='ocrx_word' id='word_1_817' title='bbox 1387 4988 1534 5036; x_wconf 85' lang='lat' dir='ltr'>srrnramus,</span> <span class='ocrx_word' id='word_1_818' title='bbox 1553 4970 1675 5036; x_wconf 87' lang='lat' dir='ltr'>bdanrus,</span> <span class='ocrx_word' id='word_1_819' title='bbox 1685 4965 2006 5039; x_wconf 82' lang='lat' dir='ltr'>eriguotnosbggcuset</span> <span class='ocrx_word' id='word_1_820' title='bbox 2018 4959 2182 5025; x_wconf 86' lang='lat' dir='ltr'>Zacharias;</span> 
     </span>
     <span class='ocr_line' id='line_1_109' title="bbox 1389 5052 2183 5124; baseline -0.021 -1"><span class='ocrx_word' id='word_1_821' title='bbox 1389 5074 1498 5124; x_wconf 90' lang='lat' dir='ltr'>cantant</span> <span class='ocrx_word' id='word_1_822' title='bbox 1511 5064 1626 5118; x_wconf 83' lang='lat' dir='ltr'>sunnam</span> <span class='ocrx_word' id='word_1_823' title='bbox 1640 5060 1827 5115; x_wconf 90' lang='lat' dir='ltr'>liberationem</span> <span class='ocrx_word' id='word_1_824' title='bbox 1842 5064 1971 5110; x_wconf 89' lang='lat' dir='ltr'>nostram.</span> <span class='ocrx_word' id='word_1_825' title='bbox 1986 5052 2014 5109; x_wconf 87' lang='lat' dir='ltr'>Si</span> <span class='ocrx_word' id='word_1_826' title='bbox 2031 5052 2069 5107; x_wconf 91' lang='lat' dir='ltr'>illi</span> <span class='ocrx_word' id='word_1_827' title='bbox 2080 5052 2183 5121; x_wconf 88' lang='lat' dir='ltr'>populu</span> 
     </span>
     <span class='ocr_line' id='line_1_110' title="bbox 1386 5143 2183 5224; baseline -0.024 -8"><span class='ocrx_word' id='word_1_828' title='bbox 1386 5166 1569 5223; x_wconf 78' lang='lat' dir='ltr'>cantaverunt,</span> <span class='ocrx_word' id='word_1_829' title='bbox 1585 5163 1611 5210; x_wconf 90' lang='lat' dir='ltr'>et</span> <span class='ocrx_word' id='word_1_830' title='bbox 1621 5153 1757 5224; x_wconf 90' lang='lat' dir='ltr'>impletum</span> <span class='ocrx_word' id='word_1_831' title='bbox 1768 5159 1825 5215; x_wconf 88' lang='lat' dir='ltr'>est;</span> <span class='ocrx_word' id='word_1_832' title='bbox 1839 5147 1986 5204; x_wconf 90' lang='lat' dir='ltr'>christiano</span> <span class='ocrx_word' id='word_1_833' title='bbox 1999 5143 2101 5216; x_wconf 90' lang='lat' dir='ltr'>populo</span> <span class='ocrx_word' id='word_1_834' title='bbox 2110 5144 2183 5216; x_wconf 76' lang='lat' dir='ltr'>quenl</span> 
     </span>
     <span class='ocr_line' id='line_1_111' title="bbox 1386 5239 2184 5318; baseline -0.024 -10"><span class='ocrx_word' id='word_1_835' title='bbox 1386 5261 1528 5318; x_wconf 91' lang='lat' dir='ltr'>cantatur,</span> <span class='ocrx_word' id='word_1_836' title='bbox 1551 5263 1605 5302; x_wconf 92' lang='lat' dir='ltr'>non</span> <span class='ocrx_word' id='word_1_837' title='bbox 1627 5242 1801 5315; x_wconf 72' lang='lat' dir='ltr'>implebitur?</span> <span class='ocrx_word' id='word_1_838' title='bbox 1824 5239 1917 5297; x_wconf 86' lang='lat' dir='ltr'>Securi</span> <span class='ocrx_word' id='word_1_839' title='bbox 1937 5246 2025 5294; x_wconf 87' lang='lat' dir='ltr'>estote</span> <span class='ocrx_word' id='word_1_840' title='bbox 2040 5255 2047 5290; x_wconf 91' lang='lat'>:</span> <span class='ocrx_word' id='word_1_841' title='bbox 2061 5244 2184 5291; x_wconf 77' lang='lat' dir='ltr'>maiorn-</span> 
     </span>
     <span class='ocr_line' id='line_1_112' title="bbox 1387 5328 2180 5410; baseline -0.018 -10"><span class='ocrx_word' id='word_1_842' title='bbox 1387 5343 1467 5400; x_wconf 88' lang='lat' dir='ltr'>modo</span> <span class='ocrx_word' id='word_1_843' title='bbox 1489 5343 1515 5397; x_wconf 95' lang='lat' dir='ltr'>iu</span> <span class='ocrx_word' id='word_1_844' title='bbox 1538 5341 1588 5395; x_wconf 82' lang='lat' dir='ltr'>ism</span> <span class='ocrx_word' id='word_1_845' title='bbox 1612 5335 1826 5410; x_wconf 85' lang='lat' dir='ltr'>peregrinatione</span> <span class='ocrx_word' id='word_1_846' title='bbox 1849 5332 1910 5386; x_wconf 71' lang='lat' dir='ltr'>ritae</span> <span class='ocrx_word' id='word_1_847' title='bbox 1931 5328 2067 5400; x_wconf 84' lang='lat' dir='ltr'>quomodo</span> <span class='ocrx_word' id='word_1_848' title='bbox 2081 5328 2180 5399; x_wconf 76' lang='lat' dir='ltr'>agatis,</span> 
     </span>
     <span class='ocr_line' id='line_1_113' title="bbox 1386 5419 2183 5499; baseline -0.021 -10"><span class='ocrx_word' id='word_1_849' title='bbox 1386 5434 1477 5490; x_wconf 82' lang='lat' dir='ltr'>ridete</span> <span class='ocrx_word' id='word_1_850' title='bbox 1493 5434 1512 5487; x_wconf 83' lang='lat'>¹.</span> <span class='ocrx_word' id='word_1_851' title='bbox 1527 5431 1585 5486; x_wconf 92' lang='lat' dir='ltr'>Non</span> <span class='ocrx_word' id='word_1_852' title='bbox 1606 5429 1681 5484; x_wconf 84' lang='lat' dir='ltr'>robis</span> <span class='ocrx_word' id='word_1_853' title='bbox 1694 5428 1796 5499; x_wconf 89' lang='lat' dir='ltr'>placeat</span> <span class='ocrx_word' id='word_1_854' title='bbox 1809 5438 1886 5479; x_wconf 88' lang='lat' dir='ltr'>amor</span> <span class='ocrx_word' id='word_1_855' title='bbox 1898 5420 2064 5492; x_wconf 77' lang='lat' dir='ltr'>babyloniae.</span> <span class='ocrx_word' id='word_1_856' title='bbox 2083 5434 2121 5475; x_wconf 93' lang='lat' dir='ltr'>ae</span> <span class='ocrx_word' id='word_1_857' title='bbox 2134 5419 2183 5475; x_wconf 89' lang='lat' dir='ltr'>ob·</span> 
     </span>
     <span class='ocr_line' id='line_1_114' title="bbox 1388 5512 2183 5584; baseline -0.021 -3"><span class='ocrx_word' id='word_1_858' title='bbox 1388 5524 1545 5582; x_wconf 83' lang='lat' dir='ltr'>liriscamiui</span> <span class='ocrx_word' id='word_1_859' title='bbox 1560 5516 1860 5577; x_wconf 84' lang='lat' dir='ltr'>ciritaternlcrusalcm.</span> <span class='ocrx_word' id='word_1_860' title='bbox 1877 5512 1935 5569; x_wconf 81' lang='lat' dir='ltr'>litsi</span> <span class='ocrx_word' id='word_1_861' title='bbox 1947 5522 2048 5584; x_wconf 70' lang='lat' dir='ltr'>curso-t</span> <span class='ocrx_word' id='word_1_862' title='bbox 2059 5521 2183 5566; x_wconf 80' lang='lat' dir='ltr'>nestrum</span> 
     </span>
     <span class='ocr_line' id='line_1_115' title="bbox 1387 5600 2185 5686; baseline -0.02 -13"><span class='ocrx_word' id='word_1_863' title='bbox 1387 5620 1475 5675; x_wconf 91' lang='lat' dir='ltr'>adbuc</span> <span class='ocrx_word' id='word_1_864' title='bbox 1491 5619 1515 5673; x_wconf 93' lang='lat' dir='ltr'>in</span> <span class='ocrx_word' id='word_1_865' title='bbox 1531 5615 1674 5686; x_wconf 80' lang='lat' dir='ltr'>babylonia</span> <span class='ocrx_word' id='word_1_866' title='bbox 1691 5619 1811 5677; x_wconf 88' lang='lat' dir='ltr'>tenetur,</span> <span class='ocrx_word' id='word_1_867' title='bbox 1826 5623 1874 5663; x_wconf 92' lang='lat' dir='ltr'>cor</span> <span class='ocrx_word' id='word_1_868' title='bbox 1890 5614 2008 5662; x_wconf 84' lang='lat' dir='ltr'>restrum</span> <span class='ocrx_word' id='word_1_869' title='bbox 2022 5602 2056 5658; x_wconf 88' lang='lat' dir='ltr'>ad</span> <span class='ocrx_word' id='word_1_870' title='bbox 2070 5600 2185 5659; x_wconf 77' lang='lat' dir='ltr'>Jerusa·</span> 
     </span>
     <span class='ocr_line' id='line_1_116' title="bbox 1388 5695 2183 5780; baseline -0.019 -16"><span class='ocrx_word' id='word_1_871' title='bbox 1388 5712 1439 5766; x_wconf 88' lang='lat' dir='ltr'>lora</span> <span class='ocrx_word' id='word_1_872' title='bbox 1454 5709 1642 5780; x_wconf 74' lang='lat' dir='ltr'>premittitur.</span> <span class='ocrx_word' id='word_1_873' title='bbox 1658 5702 1760 5759; x_wconf 80' lang='lat' dir='ltr'>Laudat</span> <span class='ocrx_word' id='word_1_874' title='bbox 1773 5703 1783 5734; x_wconf 94' lang='lat'><strong>¹</strong></span> <span class='ocrx_word' id='word_1_875' title='bbox 1796 5715 1861 5771; x_wconf 91' lang='lat' dir='ltr'>ergo</span> <span class='ocrx_word' id='word_1_876' title='bbox 1878 5706 1934 5754; x_wconf 89' lang='lat' dir='ltr'>tota</span> <span class='ocrx_word' id='word_1_877' title='bbox 1947 5703 2072 5752; x_wconf 89' lang='lat' dir='ltr'>creatura</span> <span class='ocrx_word' id='word_1_878' title='bbox 2087 5695 2183 5751; x_wconf 87' lang='lat' dir='ltr'>boari-</span> 
     </span>
     <span class='ocr_line' id='line_1_117' title="bbox 1388 5785 2186 5870; baseline -0.018 -13"><span class='ocrx_word' id='word_1_879' title='bbox 1388 5818 1471 5865; x_wconf 82' lang='lat' dir='ltr'>auar;</span> <span class='ocrx_word' id='word_1_880' title='bbox 1494 5800 1554 5870; x_wconf 85' lang='lat' dir='ltr'>qrria</span> <span class='ocrx_word' id='word_1_881' title='bbox 1567 5798 1617 5853; x_wconf 93' lang='lat' dir='ltr'>hoe</span> <span class='ocrx_word' id='word_1_882' title='bbox 1632 5797 1667 5853; x_wconf 91' lang='lat' dir='ltr'>ihi</span> <span class='ocrx_word' id='word_1_883' title='bbox 1683 5793 1778 5852; x_wconf 79' lang='lat' dir='ltr'>tacturi</span> <span class='ocrx_word' id='word_1_884' title='bbox 1792 5804 1904 5857; x_wconf 83' lang='lat' dir='ltr'>sunaus,</span> <span class='ocrx_word' id='word_1_885' title='bbox 1918 5785 1989 5860; x_wconf 80' lang='lat' dir='ltr'>quaed</span> <span class='ocrx_word' id='word_1_886' title='bbox 2004 5786 2049 5842; x_wconf 89' lang='lat' dir='ltr'>hic</span> <span class='ocrx_word' id='word_1_887' title='bbox 2063 5801 2186 5857; x_wconf 74' lang='lat' dir='ltr'>prame·</span> 
     </span>
    </p>
   </div>
   <div class='ocr_carea' id='block_1_11' title="bbox 1387 5899 1512 5951">
    <p class='ocr_par' dir='ltr' id='par_1_13' title="bbox 1387 5899 1512 5951">
     <span class='ocr_line' id='line_1_118' title="bbox 1387 5899 1512 5951; baseline -0.024 0"><span class='ocrx_word' id='word_1_888' title='bbox 1387 5899 1512 5951; x_wconf 76' lang='lat' dir='ltr'>clitorium.</span> 
     </span>
    </p>
   </div>
   <div class='ocr_carea' id='block_1_12' title="bbox 1388 6016 2192 6224">
    <p class='ocr_par' dir='ltr' id='par_1_14' title="bbox 1388 6016 2192 6224">
     <span class='ocr_line' id='line_1_119' title="bbox 1420 6016 2192 6100; baseline -0.026 -13"><span class='ocrx_word' id='word_1_889' title='bbox 1420 6045 1427 6073; x_wconf 65' lang='grc' dir='ltr'>τ</span> <span class='ocrx_word' id='word_1_890' title='bbox 1440 6040 1476 6088; x_wconf 71' lang='lat' dir='ltr'>sic</span> <span class='ocrx_word' id='word_1_891' title='bbox 1486 6044 1539 6085; x_wconf 65' lang='lat' dir='ltr'>tiss.</span> <span class='ocrx_word' id='word_1_892' title='bbox 1554 6042 1581 6084; x_wconf 81' lang='lat' dir='ltr'>aa</span> <span class='ocrx_word' id='word_1_893' title='bbox 1592 6032 1659 6091; x_wconf 73' lang='lat' dir='ltr'>ritu„</span> <span class='ocrx_word' id='word_1_894' title='bbox 1669 6043 1715 6100; x_wconf 77' lang='lat' dir='ltr'>apa</span> <span class='ocrx_word' id='word_1_895' title='bbox 1728 6023 1923 6097; x_wconf 77' lang='lat' dir='ltr'>trutinaraodolu</span> <span class='ocrx_word' id='word_1_896' title='bbox 1934 6022 1981 6073; x_wconf 74' lang='lat' dir='ltr'>iau</span> <span class='ocrx_word' id='word_1_897' title='bbox 1991 6016 2192 6085; x_wconf 72' lang='lat' dir='ltr'>peregrinatiane</span> 
     </span>
     <span class='ocr_line' id='line_1_120' title="bbox 1388 6087 1950 6161; baseline -0.037 -7"><span class='ocrx_word' id='word_1_898' title='bbox 1388 6104 1442 6154; x_wconf 75' lang='lat' dir='ltr'>uitat</span> <span class='ocrx_word' id='word_1_899' title='bbox 1453 6099 1533 6161; x_wconf 70' lang='lat' dir='ltr'>laudata,</span> <span class='ocrx_word' id='word_1_900' title='bbox 1546 6097 1589 6147; x_wconf 76' lang='lat' dir='ltr'>scit</span> <span class='ocrx_word' id='word_1_901' title='bbox 1601 6091 1719 6157; x_wconf 69' lang='lat' dir='ltr'>qaroaruuto</span> <span class='ocrx_word' id='word_1_902' title='bbox 1730 6090 1769 6142; x_wconf 89' lang='lat' dir='ltr'>hic</span> <span class='ocrx_word' id='word_1_903' title='bbox 1778 6095 1855 6154; x_wconf 76' lang='lat' dir='ltr'>egunt</span> <span class='ocrx_word' id='word_1_904' title='bbox 1865 6087 1950 6138; x_wconf 77' lang='lat' dir='ltr'>ridete.</span> 
     </span>
     <span class='ocr_line' id='line_1_121' title="bbox 1422 6154 1742 6224; baseline -0.028 -12"><span class='ocrx_word' id='word_1_905' title='bbox 1422 6167 1431 6196; x_wconf 87' lang='lat'><strong>¹</strong></span> <span class='ocrx_word' id='word_1_906' title='bbox 1450 6161 1637 6224; x_wconf 69' lang='lat' dir='ltr'>Philemenus,</span> <span class='ocrx_word' id='word_1_907' title='bbox 1650 6154 1742 6206; x_wconf 80' lang='lat' dir='ltr'>maur.</span> 
     </span>
    </p>
   </div>
   <div class='ocr_carea' id='block_1_13' title="bbox 0 0 2704 7059">
    <p class='ocr_par' dir='ltr' id='par_1_15' title="bbox 0 0 2704 7059">
     <span class='ocr_line' id='line_1_122' title="bbox 0 0 2704 7059; baseline 0 7"><span class='ocrx_word' id='word_1_908' title='bbox 0 0 2704 7059; x_wconf 95' lang='lat' dir='ltr'> </span> 
     </span>
    </p>
   </div>
  </div>
 </body>
</html>
