5400 7059
539 768 606 825 tels

537 878 580 935 itta
603 894 663 950 qua
682 877 748 934 dixit
775 876 902 932 Dominus
924 874 1061 945 discipulis
1076 875 1142 940 suis,
1159 883 1329 944 posteaquam

537 970 721 1028 resumite
747 969 875 1030 martula·
901 966 949 1022 sed
977 968 1065 1021 lacere
1089 965 1159 1036 qntd
1187 965 1231 1019 ille
1252 964 1329 1027 lecit,

538 1080 589 1119 trun
616 1071 715 1132 potest.
739 1061 784 1115 llil
806 1061 878 1115 enim
907 1059 1080 1129 Et'atrgelinm
1106 1076 1113 1112 :
1142 1056 1212 1112 Tuae
1230 1056 1331 1127 aperuit

537 1158 572 1211 tit
586 1171 705 1217 tenuent,
721 1162 748 1206 ut
769 1151 937 1221 a'trtellt'percnt
959 1149 1124 1219 Scripturas,
1147 1157 1171 1202 et
1191 1148 1255 1202 dieu
1280 1147 1331 1201 illia

538 1238 1329 1317 (mxxiv.ascalonitanumtlttsdlxeriulotlegitur:

538 1338 584 1393 sed
593 1337 654 1391 ideo
668 1345 797 1404 cepumnt
807 1332 960 1404 quodditit,
972 1333 1032 1402 quia
1043 1331 1113 1386 ttnde
1119 1339 1259 1399 caperetur
1269 1342 1332 1398 ape-

539 1433 600 1487 ruit.
624 1429 706 1484 Docet
729 1442 793 1497 erqo
821 1428 889 1481 ileos
911 1426 1067 1481 munitatem
1087 1422 1329 1493 inspirandodele·

539 1512 694 1586 eta‘ttanenr,
723 1520 801 1574 docet
829 1517 996 1587 disciplinam
1021 1515 1194 1586 tcntpuaaado
1221 1513 1330 1569 tribula·

539 1618 649 1679 tiortcrn,
660 1615 739 1669 docet
747 1614 883 1668 scientiam
893 1610 1052 1666 insinuando
1063 1609 1252 1679 crtgttilionean.
1264 1608 1330 1663 Cum

540 1713 627 1779 ilaqne
650 1706 702 1760 alia
726 1705 852 1773 sintque
875 1703 935 1758 ideo
948 1702 1074 1756 discimus
1095 1711 1122 1756 ut
1146 1698 1331 1755 tanlttmmodo

539 1800 655 1857 sciamus
669 1838 677 1863 ,
691 1798 741 1851 alia
762 1812 826 1850 serto
840 1805 868 1850 nt
880 1797 960 1849 etiam
981 1794 1127 1860 iaciamus;
1140 1792 1246 1863 qnando
1261 1793 1331 1847 Deus

537 1904 568 1946 ee
582 1890 671 1953 ducet,
685 1888 724 1941 sic
736 1886 814 1942 dorcet
827 1895 855 1939 ιιι
864 1885 972 1941 scienda
986 1884 1112 1949 salernus,
1124 1882 1269 1953 aperiendo
1281 1897 1327 1936 ve·

536 1980 663 2043 ritatem,
679 1978 719 2034 sic
740 1978 818 2032 docet
840 1985 868 2030 ut
882 1976 1001 2031 iacienda
1014 1975 1160 2043 iaciamus,
1176 1973 1331 2043 inspirando

536 2074 706 2129 maritalem.
722 2070 812 2139 Neque
834 2070 905 2123 enim
929 2067 1025 2123 frustra
1041 2068 1064 2121 ei
1079 2067 1194 2130 dicitur,
1210 2065 1331 2121 Ducenio

535 2174 564 2219 at
571 2165 665 2236 saciant
673 2162 823 2216 uoluntatem
832 2171 900 2214 tuam
907 2159 991 2233 (Psal.
1004 2175 1085 2226 exult,
1099 2156 1154 2231 tol.
1164 2159 1219 2226 Sic,
1234 2159 1327 2229 inquit,

534 2255 597 2309 doce
611 2264 638 2307 ut
648 2253 751 2324 sociant,
760 2267 811 2306 non
824 2250 1007 2307 tantummodo
1018 2258 1047 2305 ut
1059 2251 1152 2306 sciam.
1163 2250 1222 2320 lpse
1232 2249 1330 2321 qnippe

535 2356 608 2402 recte
621 2344 709 2410 tacta,
725 2343 827 2399 fructus
840 2352 881 2397 εει
904 2352 994 2398 ιιοειει
1013 2348 1092 2411 quem
1110 2341 1247 2397 reddimus
1261 2343 1330 2412 agri-

533 2436 602 2492 eota
629 2444 720 2490 nostro
746 2452 753 2488 :
782 2433 830 2490 sed
854 2433 990 2503 Scriptura
1014 2432 1095 2499 dicit,
1111 2431 1237 2487 Danaique
1259 2433 1329 2487 dubit

533 2528 699 2591 uanitatem,
715 2534 738 2579 el
750 2535 817 2579 tara
835 2535 923 2578 nostra
936 2522 1004 2577 dabit
1024 2526 1219 2596 [reclamanem
1233 2522 1327 2595 (Paul.

533 2632 652 2681 aaran,
667 2615 731 2686 15).
744 2614 809 2682 Quae
823 2623 912 2669 autem
928 2614 978 2668 ista
994 2623 1064 2669 terra
1081 2622 1145 2679 est,
1167 2613 1215 2668 nisi
1229 2613 1263 2669 de
1277 2629 1328 2684 qua

532 2708 630 2764 dicitur
650 2706 738 2765 eidem
763 2706 814 2775 ipsi
839 2706 884 2776 qui
899 2704 944 2760 dat
967 2704 1124 2760 saturitatem
1137 2746 1145 2773 ‚
1159 2705 1252 2759 Anima
1272 2721 1329 2758 mea

532 2800 599 2855 uelat
613 2808 681 2853 terra
692 2798 747 2854 aiae
758 2814 826 2868 aqua
837 2797 882 2851 tibi
894 2798 904 2870 (
918 2795 990 2852 Paul.
1005 2812 1086 2863 catat,
1099 2797 1116 2851 6
1128 2798 1155 2867 ll

566 2891 594 2947 d.
610 2889 687 2958 Quod
709 2904 773 2945 roro
794 2905 854 2945 cunt
868 2888 993 2955 dixisset,
1008 2889 1165 2954 suauitatem,
1176 2898 1200 2942 et
1212 2887 1327 2959 discipti-

531 2994 601 3047 m,
616 2990 641 3036 ct
665 2981 795 3036 ruendam
806 2980 869 3035 doce
892 2995 948 3046 rue‚·
963 2979 1083 3049 adiunxit
1097 2987 1177 3050 atque
1193 2980 1239 3043 ait,
1255 2979 1328 3046 Quo-

527 3060 602 3130 ‘aun
615 3073 741 3129 mamutio
754 3074 805 3128 tuis
826 3072 942 3127 aedidit
956 3088 1009 3127 nain
1024 3071 1159 3127 immerito
1172 3072 1254 3142 quari
1278 3087 1325 3141 po·

532 3176 585 3224 test
596 3182 646 3223 cur
659 3181 713 3222 non
727 3165 837 3230 dixerit,
848 3164 952 3220 obedivi
967 3182 974 3232 ;
990 3164 1048 3229 sed,
1063 3164 1170 3218 credidi.
1187 3164 1244 3218 Alia
1260 3174 1322 3219 sunt

531 3259 604 3316 cttlnt
618 3257 758 3320 atetrdata,
774 3258 825 3311 ulia
841 3256 982 3326 promissa.
996 3254 1117 3309 blandula
1132 3253 1251 3310 iacienda
1263 3270 1325 3310 sus-

531 3349 662 3421 eipimus,
676 3358 705 3404 ut
718 3348 840 3418 accipere
856 3348 986 3419 promissa
1003 3361 1165 3402 merentnur.
1182 3347 1325 3402 Promissis

531 3459 597 3516 ergit
624 3443 770 3509 credimus,
797 3441 930 3498 mandatis
955 3440 1182 3511 obtemperamus.
1201 3440 1328 3509 Qttidest

531 3552 607 3609 erpo,
625 3536 752 3591 manantia
766 3535 815 3590 tuis
829 3535 935 3602 credidi,
951 3536 1013 3601 nisi,
1027 3533 1128 3590 credidi
1143 3534 1214 3605 quod
1241 3544 1268 3590 tu
1281 3534 1326 3589 illa

530 3629 711 3695 abundaveris,
727 3644 779 3684 non
790 3628 885 3699 aliquis
899 3627 990 3695 bomo,
1006 3629 1127 3700 quantuis
1146 3643 1193 3698 per
1205 3627 1328 3684 immines

531 3718 839 3777 boutiaibusnainistrata
852 3721 996 3789 sintlQuia
1005 3724 1093 3792 ltaque
1106 3721 1206 3777 credidi
1215 3730 1257 3776 tua
1268 3736 1328 3777 esse

531 3813 666 3876 mandata.
678 3814 735 3884 ipsa
748 3813 813 3870 ddes
828 3829 887 3869 meu
899 3830 950 3885 qua
974 3813 1000 3869 id
1013 3814 1125 3882 credidi,
1142 3815 1266 3885 impetret
1279 3815 1328 3871 abs

530 3914 558 3962 tc
573 3904 751 3977 gratiamque
767 3905 860 3961 luciam
876 3905 946 3975 qnod
961 3905 1103 3961 rttartdasti.
1117 3906 1146 3962 Si
1158 3907 1230 3961 enim
1246 3906 1328 3962 lromo

531 3996 597 4053 mim
612 3996 671 4052 haec
691 3997 800 4067 luberet
815 3995 961 4053 lorinsecus
974 4012 981 4062 ;
999 3997 1137 4068 uruntquid,
1153 4008 1182 4052 ut
1192 3999 1272 4052 etiam
1288 3997 1327 4053 ia·

530 4088 700 4159 ccccmqaod
711 4088 832 4158 jubebat,
843 4088 979 4158 adjuraret
989 4088 1168 4144 intrinsecus?
1182 4090 1253 4145 lloce
1262 4104 1327 4161 erpo

530 4194 576 4237 mc
599 4180 757 4236 suavitatem
771 4179 926 4251 inspirando
938 4180 1095 4236 cltaritatem
1109 4223 1115 4245 ‚
1140 4181 1207 4236 doce
1219 4197 1263 4238 me
1282 4182 1325 4236 di·

531 4256 809 4345 a‘c'iplinamdonandu
835 4274 1005 4344 patientiam,
1030 4272 1097 4328 doce
1119 4288 1162 4328 me
1187 4273 1324 4328 scientiam

531 4364 709 4422 lllumlnando
733 4366 933 4438 intelligentiam
959 4383 966 4422 :
989 4367 1116 4434 Quoniam
1135 4367 1262 4422 amaeam
1276 4368 1326 4423 tais

532 4447 640 4512 credidi.
656 4457 694 4513 Te
709 4457 752 4512 illa
774 4458 876 4514 credidi
902 4457 1044 4513 mandasse
1071 4458 1116 4528 qui
1144 4458 1213 4513 Deus
1233 4473 1272 4524 es,
1299 4469 1327 4514 et

532 4546 635 4605 bomini
651 4548 735 4604 donnas
747 4548 818 4604 unde
833 4548 915 4605 lacius
925 4564 986 4604 aaran
1002 4549 1088 4604 lacere
1106 4549 1178 4619 qnod
1202 4549 1346 4613 mandas..

565 4637 678 4713 liquere.
689 4638 747 4714 db]
757 4637 910 4709 Priusquam
922 4639 1079 4706 humiliarer,
1094 4639 1189 4711 inquit,
1203 4656 1248 4712 eqo
1263 4639 1327 4695 delt-

530 4731 576 4801 qai
584 4748 595 4795 ,·
608 4741 741 4803 propterea
754 4733 856 4786 oubam
866 4741 949 4798 tuum,
965 4731 1018 4799 nel,
1034 4731 1102 4787 sicut
1114 4732 1159 4787 ulii
1174 4733 1326 4803 expressius

532 4820 641 4885 lubeat,
655 4822 785 4894 propterea
797 4823 925 4893 eloquium
937 4833 1006 4877 tuam
1021 4824 1142 4878 crtstodioi
1156 4838 1165 4878 .·
1178 4826 1269 4896 utique
1290 4841 1324 4880 ιιε

531 4928 640 4971 mum
669 4914 833 4971 lautniliarer.
857 4913 933 4984 Quod
960 4914 993 4969 ad
1024 4915 1094 4970 illam
1115 4915 1325 4971 baraniliatiunem

533 5006 629 5081 melius
657 5005 779 5070 refertur,
802 5021 862 5077 qnae
887 5005 953 5059 laeta
974 5015 1017 5061 est
1039 5005 1065 5061 in
1091 5005 1194 5071 Adam,
1221 5006 1248 5060 in
1272 5021 1325 5076 qno

531 5099 620 5154 munis
632 5107 754 5154 creatura
778 5098 892 5152 bertranna
910 5108 1034 5169 tanquam
1055 5098 1081 5152 in
1106 5096 1196 5152 radice
1211 5097 1323 5164 uitiata,

532 5192 660 5264 qttottiam
683 5193 787 5247 ueritati
811 5183 930 5263 subiecta
953 5206 1014 5248 esse
1027 5206 1079 5246 non
1092 5190 1187 5256 uoluit,
1203 5190 1324 5260 subjecta

533 5292 572 5341 cul
584 5284 696 5339 vanitati
710 5283 797 5355 (Rota.
813 5301 870 5352 ιιιι,
884 5283 940 5354 90).
960 5283 1035 5351 Quod
1049 5284 1120 5337 unsis
1133 5281 1323 5337 aatseneordla

533 5374 633 5447 proluit
644 5376 778 5449 experiri,
794 5385 822 5431 ut
848 5376 950 5446 dejecta
979 5375 1103 5447 superbia
1118 5375 1243 5446 diligatur
1257 5374 1324 5432 obe·

532 5468 644 5535 dlentia,
659 5479 687 5524 et
699 5479 790 5540 pereat
804 5485 855 5523 atra
871 5468 986 5524 reditura
1001 5469 1118 5523 miseria.

551 5552 594 5616 ’6.
613 5559 689 5635 [reru
704 5558 762 5634 68.]
777 5560 868 5615 Suavis
882 5576 918 5626 es,
940 5558 1065 5625 Dauniae;
1079 5559 1120 5615 rel
1133 5601 1140 5623 ,
1154 5558 1222 5614 sicut
1237 5560 1325 5628 plnres

536 5648 644 5718 babent,
657 5650 749 5706 Suaoia
758 5668 784 5706 ea
794 5661 832 5719 tu,
850 5650 958 5706 [lumine
972 5667 981 5705 .·
994 5649 1075 5722 aliqui
1087 5650 1178 5717 etiam,
1194 5648 1286 5706 Suavis
1299 5666 1326 5705 ea

536 5751 574 5810 ta,
591 5742 646 5809 rel,
672 5741 760 5798 borrae
783 5759 809 5798 ca
836 5753 882 5808 tu,·
900 5742 968 5798 sicut
982 5742 1016 5797 de
1042 5741 1093 5797 Ιιοε
1107 5741 1189 5796 uerbo
1204 5741 1326 5811 saperius

535 5834 717 5889 tnctavimus.
732 5832 766 5888 Et
780 5834 806 5888 iu
820 5843 863 5888 tua
875 5834 997 5891 suauitate
1012 5833 1074 5888 doce
1087 5832 1327 5904 mejuallficationea

535 5910 602 5978 tuae.
617 5923 686 5980 l'cre
698 5924 756 5979 uult
769 5925 856 5981 iacere
868 5925 1074 5996 justificationes
1088 5924 1145 5989 uel,
1160 5923 1267 5996 quando
1279 5938 1326 5980 eus

536 6013 633 6086 ineius
650 6017 781 6071 suamne
795 6017 851 6071 rull
865 6014 971 6072 directe
991 6016 1024 6071 ab
1037 6016 1095 6087 ipso
1108 6016 1150 6071 cni
1163 6015 1240 6083 dixit,
1255 6013 1326 6071 Sua·

533 6111 568 6165 tia
586 6126 613 6164 ea
624 6119 670 6177 tu,
692 6107 810 6165 dentiae.

572 6200 598 6254 'l.
608 6202 685 6271 latua.
701 6199 759 6272 ab]
773 6201 891 6272 bellique
900 6201 1030 6272 sequitat,
1047 6198 1219 6273 dlultipla'cula
1233 6211 1269 6256 est
1281 6217 1326 6257 au·

1069 757 1316 837 unannanum
1338 757 1498 819 nsatnun
1517 758 1632 823 ιιιιιι.

2110 770 2179 828 luo

1387 888 1432 942 per
1446 891 1485 929 rue
1507 877 1627 948 iniquitas
1651 883 1814 949 capitulorum
1829 899 1838 937 .·
1853 898 1946 939 eurum
1966 885 2068 940 scilieet
2082 888 2178 956 quilms

1386 980 1438 1020 tlon
1454 966 1561 1037 proluit,
1577 970 1649 1042 quod
1663 982 1834 1044 posteaquam
1849 974 1969 1046 deliquit,
1986 974 2124 1032 humiliata
2136 990 2178 1035 ost

1386 1056 1498 1113 ltutnana
1510 1070 1614 1116 nattam.
1629 1061 1685 1133 Epa
1697 1073 1780 1119 autem
1794 1066 1820 1119 iu
1831 1075 1883 1120 tolo
1894 1066 1970 1122 eorde
1980 1085 2034 1122 ineo
2046 1071 2176 1125 amtabur

1384 1149 1505 1204 atarrdata
1521 1162 1575 1206 tua.
1590 1152 1769 1221 Quantalibet,
1785 1156 1879 1227 inquit,
1893 1158 2008 1213 abundet
2030 1159 2175 1231 iniquitas,

1384 1256 1437 1296 tum
1452 1243 1477 1297 in
1491 1259 1534 1298 me
1546 1245 1821 1316 refrigescetcltaritas
1832 1249 1936 1319 (llaltlr.
1946 1267 2018 1318 xxtr,
2035 1252 2090 1323 tu).
2105 1253 2176 1308 Tala·

1385 1348 1464 1403 quam
1476 1335 1521 1390 ille
1536 1335 1674 1403 inaudivit,
1691 1340 1736 1409 qni
1750 1340 1776 1394 in
1790 1339 1848 1410 ejus
1868 1341 2177 1413 snaritltejastillcatin·

1384 1439 1432 1479 ιιεε
1447 1426 1492 1481 Dei
1517 1427 1605 1482 discit.
1625 1428 1731 1496 Quaado
1754 1433 1838 1501 tnagis
1850 1431 1921 1486 enim
1936 1434 2026 1488 suavia
2038 1444 2099 1488 snm
2115 1450 2175 1505 qun

1380 1516 1457 1588 jnltct
1469 1520 1512 1589 qni
1535 1521 1627 1589 jttvat,
1642 1530 1717 1577 tanto
1731 1523 1815 1594 iringis
1825 1540 1854 1579 ea
1872 1532 2004 1580 sertatatur
2014 1541 2125 1591 amans,
2147 1535 2176 1580 nt

1383 1610 1488 1681 cognata
1503 1609 1582 1666 laiciat
1595 1621 1622 1667 et
1637 1611 1759 1669 iaciendo
1774 1626 1915 1685 cttgnoscat
1927 1631 1941 1695 q
1955 1616 2014 1686 qnia
2032 1615 2176 1688 perfectius

1383 1712 1589 1772 cognoscuntur,
1605 1720 1665 1759 cum
1681 1704 1758 1760 duait.

1419 1793 1446 1848 8.
1461 1791 1535 1867 [aera.
1551 1793 1608 1868 tu]
1622 1794 1789 1868 Coequlatum
1799 1807 1835 1851 est
1844 1807 1870 1851 ut
1885 1799 1925 1852 lac
1938 1814 1982 1853 cor
1996 1815 2091 1853 eoruut.
2103 1799 2175 1869 Qatn-

1382 1901 1462 1951 rutn,
1481 1887 1531 1942 nisi
1545 1886 1719 1957 superborum
1735 1903 1848 1959 quorum
1870 1904 1951 1961 snper
1968 1905 1999 1945 se
2013 1890 2175 1961 multiplica·

1383 1983 1437 2031 tam
1449 1975 1517 2031 dixit
1539 1978 1723 2048 iniquitatem?
1735 1978 1899 2034 Obduruisse
1914 1988 2003 2035 autem
2015 1996 2063 2036 cor
2076 1996 2169 2036 eorum

1382 2068 1555 2140 subintelligi
1570 2068 1621 2124 boc
1635 2069 1716 2126 verbo
1730 2079 1757 2125 et
1770 2069 1901 2125 hocloco.
1916 2069 1982 2125 Nam
1996 2070 2094 2126 dieitur
2105 2078 2132 2128 et
2147 2073 2173 2126 in

1382 2158 1464 2226 bono,
1478 2159 1547 2216 sicut
1572 2161 1598 2215 in
1626 2161 1729 2232 psalmo
1751 2163 1919 2233 sexagesimo
1936 2163 2052 2233 septimo
2065 2163 2173 2230 dieitur,

1383 2250 1458 2306 Mons
1476 2251 1627 2318 incaseatus,
1650 2270 1722 2308 moras
1734 2254 1793 2308 uber
1806 2253 1890 2325 (Psoi⁴
1903 2269 1984 2321 ιιιιι,
2001 2254 2046 2323 tol
2058 2272 2066 2320 ;
2080 2262 2108 2311 ει
2130 2256 2174 2311 in·

1381 2344 1511 2415 telligitur
1525 2345 1608 2416 pratia
1623 2345 1717 2415 plenus
1734 2362 1741 2400 ι
1755 2362 1815 2401 tram
1827 2356 1855 2402 et
1875 2345 1938 2402 illud
1949 2346 2067 2418 quidam,
2078 2364 2174 2420 eoaqu-

1380 2434 1458 2502 latas,
1473 2436 1638 2506 interpretati
1653 2447 1725 2492 sunt.
1739 2435 1792 2492 Sed
1813 2437 1873 2493 ride
1886 2437 1976 2508 quida
2001 2453 2031 2494 se
2052 2448 2172 2510 opponat

1381 2526 1486 2582 duritiae
1498 2527 1587 2583 cordis
1600 2529 1707 2584 illorum
1719 2545 1727 2583 ι
1739 2524 1796 2601 Epo
1810 2545 1878 2595 aaa,
1902 2529 1998 2600 inquit,
2014 2531 2093 2603 tepeat
2104 2530 2173 2585 tuam

1380 2621 1515 2674 eruditurus
1528 2637 1594 2675 aum.
1609 2620 1694 2689 Quam
1719 2619 1827 2692 legem?
1841 2620 2122 2693 Utiquejastissimam
2146 2632 2173 2677 et

1380 2710 1660 2766 misericordissimam
1674 2729 1680 2766 :
1696 2711 1765 2767 ande
1779 2711 1815 2767 illi
1829 2711 1936 2776 dicitur,
1948 2710 1983 2766 Et
1996 2713 2103 2784 tepulae
2125 2715 2174 2767 arai·

1380 2816 1462 2855 cerere
1471 2802 1528 2855 mei.
1541 2800 1672 2872 Superbis
1686 2802 1796 2869 resistit,
1811 2811 1840 2857 ιιι
1851 2801 2035 2869 obdurentur;
2059 2803 2169 2859 bamili·-

1379 2892 1580 2949 busauletndat
1591 2894 1702 2965 qratiam
1713 2892 1815 2966 (locali
1828 2910 1864 2960 tv,
1880 2895 1912 2962 6;
1927 2903 1951 2950 et
1970 2874 2064 2951 ΙΡειν.
2077 2912 2105 2964 v,
2128 2896 2170 2968 5),

1380 2995 1410 3040 ut
1422 2986 1533 3057 diligant
1546 2985 1742 3054 obedientiam,
1759 2997 1786 3043 ει
1799 2987 1808 3020 ¹
1825 2985 1953 3058 recipiam
1967 2987 2168 3044 excellentiam.

1380 3076 1551 3133 lleditatione
1564 3077 1662 3149 quippe
1677 3077 1742 3149 lepis
1756 3076 1852 3147 haias,
1879 3076 2029 3132 voluntaria
2046 3084 2170 3133 servatur

1379 3169 1525 3237 himilitas,
1537 3180 1567 3226 ut
1581 3171 1694 3243 penalis
1705 3171 1840 3228 humilitas
1852 3170 1992 3238 evadatur,
2001 3170 2036 3227 de
2045 3186 2167 3242 quamox
2212 3238 2214 3244 .

1379 3264 1453 3319 dicit.
2170 3270 2174 3275 '

1415 3354 1441 3408 9.
1457 3353 1531 3428 [tera.
1545 3353 1602 3428 lt]
1613 3354 1712 3409 Bonum
1727 3354 1789 3408 ntilri
1809 3356 1928 3426 quoniam
1948 3355 2088 3411 burniliastl
2107 3373 2166 3423 me,

1378 3454 1407 3501 ut
1421 3446 1515 3502 diacum
1525 3446 1721 3516 justificationes
1733 3456 1798 3501 tuae.
1818 3445 1940 3501 Vicinum
1955 3446 2053 3518 aliquid
2074 3458 2102 3503 et
2121 3462 2168 3503 sa·

1379 3537 1469 3609 petius
1489 3536 1543 3606 jum
1570 3534 1683 3601 dixerut,
1697 3534 1853 3606 Priusquam
1867 3534 2025 3602 dolatiliarer,
2040 3552 2086 3608 eqo
2106 3537 2169 3591 deli-

1380 3628 1442 3698 qui,·
1458 3637 1590 3698 propterea
1612 3625 1738 3697 eloquium
1752 3635 1822 3680 tuum
1835 3626 1966 3681 crtstodlui.
1994 3624 2055 3696 ipso
2069 3626 2168 3697 qnippe

1380 3719 1466 3774 fructa
1481 3717 1679 3789 ostenditquud
1695 3718 1794 3773 bonnm
1813 3718 1850 3772 illi
1865 3718 1943 3773 luerit
1954 3717 2107 3784 ltumiliari;
2123 3718 2174 3775 sed

1380 3811 1435 3865 illic
1449 3810 1519 3865 dixit
1534 3817 1561 3864 ει
1575 3823 1694 3875 causata,
1706 3809 1775 3879 quod
1788 3808 1963 3864 lauarilitatetn
1977 3811 2109 3880 pronatum
2122 3808 2171 3864 de-

1380 3899 1525 3972 linquendo
1541 3900 1718 3970 praecesserit.
1733 3899 1811 3968 Quod
1824 3915 1889 3956 uero
1903 3899 1938 3955 ibi
1954 3901 2010 3966 ait,
2027 3898 2171 3970 Propterea

1379 3995 1505 4064 eloquium
1530 4004 1600 4048 tuum
1625 3993 1767 4060 custodiai,·
1804 3993 1847 4048 bie
1873 4001 1985 4060 autem,
2011 3991 2046 4049 Ut
2072 3994 2171 4048 discam

1374 4087 1572 4159 justificationes
1598 4095 1654 4141 taaa
1670 4101 1679 4140 :
1693 4084 1758 4139 satis
1779 4085 1943 4157 significasse
1967 4085 2033 4140 milti
2061 4084 2165 4141 ridetur

1379 4179 1430 4235 Ιιοε
1445 4193 1505 4232 εεεε
1518 4178 1567 4233 istu
1595 4190 1674 4231 nosse
1691 4175 1763 4246 quod
1782 4174 1927 4236 custodire,
1956 4173 2007 4228 hoe
2030 4174 2167 4230 custodire

1378 4268 1449 4340 quod
1462 4283 1550 4324 nosse.
1565 4267 1656 4338 Neque
1670 4265 1741 4322 euim
1759 4261 1882 4320 Christus
1903 4279 1955 4318 raon
1970 4272 2082 4320 noverat
2096 4265 2167 4335 quod

1379 4362 1519 4434 captabat:
1539 4369 1566 4415 et
1592 4369 1679 4414 tamea
1701 4357 1829 4427 arguebat
1851 4364 2012 4426 peceatum,
2038 4369 2099 4411 enm
2127 4354 2170 4410 di·

1378 4463 1450 4508 etum
1461 4452 1495 4507 de
1515 4453 1559 4506 illu
1576 4452 1611 4505 sil
1624 4449 1696 4521 quod
1721 4465 1771 4503 nou
1793 4455 1894 4502 nouerat
1908 4455 2038 4518 peceatum
2059 4443 2093 4521 (ii
2107 4446 2166 4502 Cor.

1378 4562 1405 4613 u,
1420 4544 1478 4616 ut).
1493 4543 1608 4599 Noverat
1621 4555 1686 4612 erqo
1700 4538 1813 4611 quadam
1827 4537 1920 4593 notitia
1934 4580 1942 4605 ,
1956 4547 1984 4593 ει
1996 4552 2090 4593 ιιιιειιε
2102 4553 2171 4610 qna·

1378 4638 1439 4696 dam
1453 4637 1599 4709 ignomntia
1613 4650 1666 4690 non
1680 4638 1799 4688 noverat·
1812 4631 1857 4687 Sic
1869 4640 1896 4686 ει
1905 4628 2109 4702 justificationes
2117 4629 2165 4685 bei

1379 4735 1454 4790 nndti
1471 4732 1593 4797 diseunt,
1613 4737 1707 4784 utnon
1726 4727 1842 4783 discunt.
1868 4723 2004 4779 Noverunt
2024 4722 2096 4779 enirn
2109 4737 2167 4809 ¹eas

1378 4825 1490 4899 quadarn
1506 4823 1616 4902 nmilia3
1632 4828 1659 4875 et
1671 4833 1765 4875 rursus
1777 4816 1890 4890 quadam
1914 4814 2061 4887 ignorantia
2075 4854 2083 4881 ,
2096 4828 2167 4884 quo·

1378 4922 1449 4975 niam
1463 4935 1515 4974 non
1537 4916 1647 4982 iaciunt,
1661 4929 1715 4970 non
1728 4918 1871 4968 noverunt.
1887 4906 1927 4964 tto
1947 4905 2027 4964 modo
2043 4905 2087 4962 bio
2100 4921 2166 4977 erqo

1378 5010 1564 5083 intelligendus
1574 5018 1615 5065 est
1623 5006 1732 5072 dixisse,
1745 5002 1779 5060 tn
1787 5002 1883 5059 diacum
1889 5000 2086 5073 justificationes
2097 5009 2153 5055 tuas
2160 5013 2171 5064 ‚⁶

1378 5120 1408 5161 ea
1422 5102 1514 5159 nolitia
1528 5116 1579 5173 qua
1594 5101 1670 5154 liunt.

1415 5197 1457 5254 to.
1478 5170 1553 5269 ¹[uere.
1568 5188 1626 5264 lu]
1639 5189 1695 5246 lloe
1708 5196 1797 5245 autem
1812 5185 1873 5257 quia
1888 5199 1941 5241 non
1957 5184 1985 5239 lit
2004 5183 2055 5238 nisi
2069 5196 2117 5255 per
2128 5180 2167 5236 di·

1378 5289 1531 5351 lectionem,
1544 5284 1588 5339 nbi
1600 5285 1645 5353 qni
1661 5277 1813 5342 lacitbabet
1827 5275 2044 5341 delectationem,
2058 5281 2171 5344 propter

1378 5381 1450 5454 quod
1463 5380 1563 5436 dictum
1578 5385 1640 5442 cst,
1664 5370 1699 5426 lu
1713 5380 1758 5426 tua
1769 5369 1892 5425 suauitate
1910 5365 1972 5422 doce
1985 5381 2025 5420 ate
2038 5362 2170 5434 justifica·
2258 5378 2262 5387 “

1380 5475 1459 5529 tiones
1482 5480 1557 5535 tuaa,·
1579 5479 1693 5538 sequens
1715 5478 1809 5518 uersus
1827 5457 1958 5526 ostendit,
1975 5454 2021 5512 ubi
2034 5455 2081 5518 ait,
2097 5451 2171 5508 Boua

1379 5564 1441 5618 ntiln'
1453 5563 1494 5618 leo
1507 5561 1559 5615 orie
1572 5558 1619 5624 tui,
1630 5572 1707 5628 cuper
1721 5554 1801 5608 taillia
1813 5551 1872 5605 auri
1893 5556 1916 5603 et
1935 5545 2053 5619 arpenti:
2065 5553 2094 5598 nt
2108 5558 2167 5597 am·

1379 5657 1449 5726 plius
1463 5653 1556 5722 diligat
1567 5648 1683 5705 charitas
1697 5646 1783 5718 legem
1804 5642 1862 5709 Dei,
1876 5653 1956 5713 quam
1969 5635 2055 5707 diligit
2066 5632 2169 5704 cupidi·

1379 5757 1420 5805 tus
1440 5743 1521 5801 millia
1535 5742 1593 5799 auri
1607 5750 1635 5798 et
1647 5737 1760 5812 argenti.

1695 5865 1782 5910 ΙΙΜ
1797 5860 1873 5907 xb'lll·

1416 5998 1442 6051 l.
1456 5993 1533 6068 [aar.
1549 5987 1608 6064 lb]
1630 5986 1742 6055 Quattdo
1757 5985 1826 6040 lletts
1840 5980 1976 6036 hominem
1990 5977 2052 6035 lecit
2062 5993 2096 6034 ex
2110 5978 2178 6049 pat-t

1382 6083 1629 6155 uu1·e,ctanintavit
1643 6079 1717 6145 datu,
1734 6093 1786 6132 non
1812 6075 1847 6132 ibi
1862 6080 2100 6129 commemoratum
2125 6080 2167 6126 est

1414 6228 1423 6258 ι
1436 6222 1503 6278 eod..
1513 6227 1535 6274 et
1543 6231 1573 6270 ae
1585 6214 1710 6280 recipiant.
1721 6209 1844 6272 cutlcub,
1858 6219 1899 6265 rte,
1910 6206 1980 6259 abest
1990 6217 2004 6257 a
2016 6212 2068 6256 aas
