5400 7059
483 760 559 818 ΗΒ
797 770 806 797 r

486 874 523 941 lis
535 875 677 931 insensatis
691 874 773 933 dediti
784 890 838 930 noa
849 883 928 940 sunt;
944 875 1081 930 demoniis
1094 876 1177 946 arogis
1190 875 1271 930 dediti

484 976 562 1031 snat,
577 967 648 1037 quod
663 977 702 1022 est
718 965 900 1036 periculosius.
914 965 980 1020 llam
995 967 1016 1020 si
1032 975 1131 1020 tantum
1147 965 1214 1020 idola
1228 980 1274 1019 co-

581 1059 677 1135 ¹,sicul
689 1072 736 1115 cos
748 1073 800 1113 non
815 1058 989 1128 adjurarent,
1000 1058 1037 1112 ita
1050 1058 1102 1112 lllis
1116 1058 1180 1111 nibil
1194 1072 1274 1113 noce·

555 1142 710 1227 {bt-auten
729 1147 825 1205 adores
837 1158 866 1204 et
881 1148 981 1203 servias
999 1147 1181 1207 daemonibus.
1199 1156 1277 1203 erum

537 1307 540 1313 Ι
603 1240 652 1295 ιιιῐ.
664 1241 696 1297 Ει
708 1241 752 1311 qui
764 1250 842 1296 erunt
854 1240 953 1295 domiai
967 1241 1022 1295 tui?
1037 1240 1117 1295 luridi
1131 1240 1166 1294 tui
1179 1257 1186 1293 τ
1198 1241 1277 1294 liber-

469 1365 472 1371 ·
506 1316 517 1331 ⁹
552 1336 606 1389 ln
620 1346 730 1387 necesse
742 1339 784 1387 est
801 1331 950 1396 invideant,
964 1347 1069 1403 semper
1082 1339 1108 1387 te
1123 1333 1202 1386 velint
1216 1347 1277 1400 pos-

472 1421 597 1486 ‘item
609 1436 716 1490 semper
729 1421 807 1478 talem
827 1420 932 1483 iacere.
948 1423 1052 1491 qualem
1068 1423 1169 1491 possint
1187 1437 1276 1477 sectum

457 1532 461 1539 ·
490 1512 609 1571 tubere.
623 1514 671 1568 list
682 1515 752 1568 enim
766 1514 843 1569 insitu
857 1515 1040 1569 malevolentia
1053 1514 1171 1585 qondam
1183 1526 1208 1568 et
1222 1530 1277 1584 per·

489 1604 577 1662 uicies
587 1605 702 1663 nocendi
715 1606 772 1661 istis
784 1606 862 1662 malis
876 1605 1010 1676 spiritibus
1022 1605 1155 1675 :gaudent
1165 1605 1198 1660 de
1209 1605 1278 1658 malo

488 1694 646 1759 tumtunm:
661 1695 732 1750 etde
746 1694 846 1751 tellecta
862 1707 961 1760 nostra,
975 1696 997 1752 si
1010 1711 1059 1750 nos
1071 1695 1218 1758 fefellerint,
1234 1711 1279 1764 pa·

489 1798 611 1842 acuatur.
632 1786 667 1842 Et
684 1787 745 1857 quid
766 1787 906 1858 quaeruut?
924 1786 982 1842 Nou
1001 1786 1096 1858 quibus
1111 1787 1136 1840 ia
1149 1795 1277 1849 eternum

489 1879 674 1939 dominentur.
685 1877 733 1936 scd
746 1895 805 1934 cum
816 1879 911 1950 quibus
923 1880 949 1934 in
962 1888 1090 1934 aetcrrmm
1103 1876 1277 1942 damnentur;

491 1968 627 2038 quomodo
635 1969 705 2024 solet
717 1970 861 2026 malevolus
873 1971 939 2024 latro
950 1968 1087 2036 nominare
1100 1970 1276 2024 innocentem.

492 2060 625 2131 llrmrquid
637 2060 750 2127 siluerit
764 2061 839 2119 virus
853 2061 986 2123 incensus,
1002 2061 1088 2114 minus
1097 2058 1182 2122 ardet.
1195 2060 1217 2113 si
1227 2058 1279 2113 duro

491 2151 623 2206 ardeant!
637 2151 726 2206 miuus
740 2151 861 2212 moritur.
876 2151 897 2204 si
910 2149 963 2204 duo
975 2148 1140 2204 moriamur?
1151 2147 1230 2203 Poena
1242 2147 1279 2202 illi

492 2257 545 2297 aon
558 2242 697 2307 minuitur,
713 2241 759 2297 sed
772 2242 955 2296 malevolentia
969 2241 1094 2311 pascitur.
1110 2241 1211 2294 llecum
1227 2255 1280 2296 mo·

492 2334 586 2398 matur,
602 2347 656 2387 oorr
671 2347 701 2388 se
714 2331 800 2387 minus
815 2332 970 2386 moriturum
984 2331 1085 2397 dicens,
1099 2331 1145 2386 sed
1158 2324 1279 2386 sola'tinm

492 2422 573 2478 tabet
594 2422 695 2479 malum
712 2421 831 2476 alterius.
848 2420 922 2478 Talis
938 2428 978 2475 cst
996 2421 1135 2486 diabolns;
1155 2419 1281 2475 seducere

494 2515 551 2568 rult
563 2514 627 2569 illos
640 2514 684 2583 qui
697 2529 758 2568 cum
773 2513 819 2569 illo
833 2513 975 2583 puniantur
987 2531 995 2567 a
1009 2521 1036 2566 et
1047 2513 1107 2582 quia
1122 2528 1175 2567 nou
1194 2519 1280 2581 potest

494 2604 584 2658 lallere
595 2603 714 2674 jndicem
730 2603 811 2659 Deum
826 2605 896 2673 (trun
909 2604 979 2658 enim
994 2603 1110 2658 nominat
1124 2602 1193 2673 apud
1209 2602 1281 2657 illum

494 2695 663 2749 innocentem
673 2695 701 2764 l,
715 2709 776 2749 vera
795 2694 904 2748 crimina
918 2695 1011 2749 volens
1028 2693 1126 2749 babere
1140 2709 1199 2763 quac
1212 2693 1282 2762 obji-

495 2785 556 2847 ciat,
570 2795 679 2854 peccata
695 2784 844 2854 persuadet.
861 2783 928 2838 Eece
942 2784 1033 2851 quales
1046 2783 1169 2837 dominos
1180 2783 1228 2836 sibi
1243 2783 1282 2836 la·

497 2879 567 2931 ciunt
579 2876 625 2947 qni
640 2879 732 2931 culum
746 2876 813 2930 idota
828 2885 855 2930 et
866 2874 996 2930 daemonia
1012 2893 1019 2929 ι
1033 2874 1095 2942 Qum
1108 2875 1177 2929 cuim
1191 2874 1282 2926 imme-

496 2970 548 3020 lrat
562 2966 669 3026 Gentes,
684 2965 812 3020 demoniis
824 2965 952 3020 immolant
962 3005 970 3031 ,
981 2972 1004 3018 et
1017 2982 1066 3018 oon
1079 2963 1132 3018 lieo
1145 2979 1154 3018 .·
1167 2962 1226 3016 noio
1240 2976 1283 3016 uos

496 3058 576 3114 tucior
587 3058 644 3126 fieri
657 3057 847 3111 dornoniurum.

532 3148 576 3203 ts.
587 3148 643 3203 Nos
653 3159 741 3202 saitem
752 3148 855 3217 qualem
867 3148 949 3202 Deum
961 3146 1104 3201 babemus?
1116 3144 1211 3200 Audite
1221 3144 1283 3214 quid

496 3253 632 3311 sequimur.
646 3238 711 3294 Cum
725 3241 796 3294 caim
808 3240 927 3303 dixisset,
941 3238 1134 3309 confunduntur
1145 3255 1229 3292 omnes
1241 3240 1284 3308 qui

497 3332 603 3383 odorant
621 3330 751 3398 ceniptiiio
762 3330 783 3395 ¹,
800 3330 844 3401 qui
862 3327 1001 3400 pioriontnr
1016 3329 1042 3382 in
1056 3328 1197 3383 simulacris
1210 3328 1285 3383 suia:

497 3423 686 3475 persisterent
698 3419 772 3489 quasi
788 3419 928 3475 redolentes
941 3419 1069 3474 rationem
1079 3419 1112 3473 de
1125 3418 1283 3483 simulacris,

497 3521 525 3566 et
538 3510 674 3576 dicerent,
688 3509 745 3564 lion
761 3510 876 3580 lapides,
892 3509 938 3564 sed
958 3509 1065 3564 rrrrmina
1078 3510 1205 3570 colimus:
1221 3509 1284 3576 Quae

497 3603 606 3657 rnrmiaa
619 3601 686 3658 colis
697 3602 708 3655 l
721 3601 763 3656 dic
781 3601 861 3665 milri,
876 3600 1005 3655 dennunia
1024 3600 1104 3664 colis,
1123 3615 1157 3654 aa
1178 3600 1285 3670 spirims

499 3697 594 3760 imatos,
618 3695 704 3765 quales
718 3703 780 3748 suunt
793 3693 904 3763 Aregelia
919 3692 986 3748 Sunt
1000 3693 1068 3746 enim
1083 3691 1175 3763 steneli
1190 3691 1284 3755 sancti,

498 3799 528 3841 et
539 3798 600 3841 stan
612 3786 723 3856 spiritus
737 3785 854 3853 nraligni.
868 3784 924 3854 Ege
934 3784 993 3838 dico
1004 3783 1064 3853 qnia
1077 3783 1102 3836 ia
1117 3783 1221 3850 templis
1234 3783 1285 3836 tuis

499 3896 554 3934 rma
566 3880 692 3934 coluntur
710 3878 759 3932 uisi
780 3877 887 3946 spiritus
905 3875 1011 3946 maligni
1025 3892 1032 3930 ε
1047 3877 1090 3945 qui
1111 3874 1160 3929 sibi
1179 3863 1287 3943 erigunt

499 3969 615 4038 superbe
627 3965 803 4030 sacrificium,
819 3975 846 4020 et
858 3966 949 4019 rulttnt
960 3979 989 4021 se
1001 3965 1052 4019 coli
1065 3973 1187 4033 tanquam
1201 3965 1285 4028 Deos,

499 4059 609 4130 maligni
625 4067 699 4122 sunt,
711 4057 816 4126 superbi
829 4064 900 4110 sunt.
915 4053 993 4110 Tales
1004 4063 1066 4109 snut
1078 4056 1155 4109 etiam
1165 4053 1287 4110 ltomines

501 4165 556 4205 boa
573 4148 647 4213 boui,
663 4147 706 4216 qui
722 4160 796 4200 suam
809 4145 916 4215 gloriam
931 4153 1062 4215 qrtaeruat,
1076 4153 1103 4199 et
1118 4144 1165 4198 bot
1177 4144 1287 4214 gloriam

499 4245 687 4293 contemnunt.
708 4235 835 4291 llomiaes
853 4244 940 4288 anatem
960 4237 1073 4288 sanctos·
1084 4231 1227 4297 attendite,
1243 4233 1286 4301 qui

500 4338 565 4383 suut
582 4328 685 4385 similes
705 4325 823 4396 Angelis.
842 4323 908 4378 Cium
932 4324 1062 4379 inueneris
1083 4322 1216 4378 bominem
1237 4323 1287 4377 ali-

500 4435 584 4489 quem
596 4430 719 4476 structum
732 4432 838 4473 seruum
859 4417 922 4481 liei,
939 4416 960 4469 si
977 4414 1091 4469 volueris
1111 4414 1183 4468 illum
1200 4414 1288 4469 colere

501 4520 533 4565 et
543 4510 657 4566 adorare
674 4524 723 4579 pro
738 4508 810 4574 beo,
822 4507 943 4577 probibet
957 4516 1003 4569 te:
1017 4521 1068 4560 non
1081 4506 1136 4559 uult
1150 4505 1199 4558 sibi
1212 4520 1289 4560 arro·

500 4615 568 4668 gare
582 4600 709 4653 bonorem
728 4597 792 4662 bei,
807 4611 859 4650 unm
873 4595 929 4649 unlt
947 4594 993 4648 tibi
1012 4608 1072 4649 esse
1091 4592 1225 4663 probeo,
1241 4593 1288 4648 sed

503 4701 593 4751 tecum
611 4703 672 4744 csse
692 4689 742 4743 sub
760 4687 825 4744 ben.
846 4686 976 4742 l'ccrrrrnt
995 4687 1045 4740 boc
1072 4687 1185 4755 apostoli
1205 4684 1289 4740 sancti

503 4780 604 4841 l'aulus
615 4792 643 4836 et
660 4778 805 4842 omnimo.
823 4778 1002 4833 Prndicabant
1016 4777 1124 4832 verbum
1138 4777 1183 4832 Dei
1199 4777 1225 4830 in
1238 4776 1289 4848 Ly·

502 4873 609 4929 raonis.
623 4872 751 4929 ilirabilia
763 4887 824 4927 cum
840 4869 963 4925 iecissent
977 4869 1125 4940 Lycamriae.
1137 4869 1208 4923 ciues
1221 4867 1290 4938 ejrrs·

503 4966 569 5018 ulem
589 4963 704 5034 regionis
722 4960 888 5017 adduxerunt
901 4959 1035 5025 victimas,
1049 4967 1077 5013 et
1088 4957 1227 5014 notuerunt
1240 4957 1291 5013 illis

504 5054 674 5114 sacrillcare.
694 5051 811 5107 diceutes
832 5049 979 5104 barnabam
999 5049 1112 5110 lovem.
1131 5060 1164 5102 et·
1179 5049 1289 5104 Paulum

503 5145 679 5202 Mercurium,
698 5141 736 5196 illi
751 5156 802 5196 non
815 5149 877 5195 sunt
887 5139 1021 5196 delectati.
1036 5139 1076 5194 du
1089 5137 1157 5195 irrrte
1170 5138 1229 5193 ideo
1241 5138 1290 5193 sibi

506 5233 638 5293 imotolari
658 5230 812 5296 noluerunt,
833 5231 894 5300 quia
916 5228 1079 5284 demonibus
1097 5243 1126 5283 se
1144 5227 1290 5297 comparari

504 5324 636 5382 exsecrati
651 5322 730 5379 sunt?
743 5320 818 5387 Non,
833 5319 883 5381 sed,
894 5321 953 5390 quia
968 5320 1094 5374 bonorem
1108 5318 1225 5372 divinum
1240 5332 1290 5372 ex-

507 5414 593 5474 biberi
603 5411 754 5470 boutioibus
765 5412 933 5464 horruerunt.
942 5406 1027 5463 Verba
1038 5409 1152 5476 ipsorum
1164 5404 1289 5471 indicant,

507 5518 560 5558 rma
574 5503 749 5573 suspicamur.
765 5500 887 5570 Sequitur
904 5499 974 5556 enim
991 5497 1069 5553 lectio
1082 5496 1139 5550 libri
1154 5495 1289 5564 ejusdem,

506 5606 535 5650 et
552 5594 617 5650 dicit
638 5592 772 5664 quomodo
795 5592 859 5647 ιιιιιιί
880 5599 941 5646 sunt
958 5607 965 5645 τ
982 5589 1052 5645 Tuae
1071 5587 1168 5642 Paulos
1187 5597 1211 5641 et
1226 5587 1291 5645 ear-

506 5687 586 5742 rruior
606 5684 781 5740 mutauerant
802 5683 945 5738 oestirnento
964 5697 1026 5745 ruo,
1043 5685 1069 5734 'et
1085 5679 1217 5744 dixerunt,
1240 5677 1291 5732 Viri

540 5866 549 5896 ¹
562 5861 604 5912 nic
615 5863 640 5911 lu
651 5861 750 5911 excusis
758 5859 870 5917 babetur,
889 5854 997 5906 addidit:
1017 5855 1080 5917 qnod
1092 5855 1180 5904 merito
1190 5854 1260 5908 abest
1276 5865 1291 5903 a

508 5931 563 5974 tn.
574 5923 668 5994 Quippe
678 5921 801 5984 praemisso
812 5919 933 5981 superius,
944 5926 1002 5966 cum
1013 5915 1074 5965 mrim
1086 5913 1195 5973 dixisset,
1208 5922 1292 5985 notau-

508 5985 611 6036 tnrduae
622 5991 676 6033 rstae
684 5984 778 6044 priores
788 5988 870 6043 portes
887 5978 989 6040 huiusi.
1001 5979 1031 6035 'l;
1041 5990 1148 6038 moxque
1156 5976 1290 6025 ostenditur

507 6042 755 6101 ··mrtra.idolulatras,
769 6056 802 6091 ne
812 6054 841 6090 su
861 6054 908 6089 nou
927 6040 1024 6099 lapides,
1036 6038 1081 6087 sed
1099 6038 1193 6086 numina
1208 6034 1291 6086 colere

507 6114 680 6161 uersarentur,
697 6105 821 6164 smrjuneta
841 6114 896 6151 usse
913 6101 996 6151 isthac
1015 6099 1101 6159 rurba,
1120 6099 1221 6150 ‚udor-ute
1236 6110 1291 6147 enm

506 6165 750 6230 muoerstrprlirjns.
1080 6188 1085 6197 ·

1034 760 1228 818 emimonto
1247 760 1280 816 lli
1298 760 1457 821 matteum
1473 762 1562 822 XCVl.

2042 777 2110 836 tete

1327 878 1434 946 frana,
1453 881 1514 950 quid
1538 882 1642 951 fucitis?
1666 882 1698 937 m
1720 901 1764 940 nor
1789 886 1900 943 bortrincr
1919 906 2005 945 tutatur
2029 895 2110 962 porri-

1327 970 1405 1034 biler,
1427 972 1521 1027 similer
1544 973 1612 1026 uobis
1635 974 1708 1040 (elci.
1729 993 1788 1043 xm,
1805 980 1948 1052 ibreii).
1972 983 2110 1041 intendite.

1327 1058 1466 1125 Quomodo
1479 1075 1543 1132 erqo
1558 1061 1679 1119 lromines
1693 1066 1754 1121 boni
1773 1069 1915 1137 probibent
1928 1087 1974 1127 eos
1992 1075 2036 1144 qui
2053 1075 2115 1134 illos,

1326 1152 1466 1208 vnrtuerant
1478 1153 1568 1209 colere
1586 1163 1709 1225 tanquam
1726 1157 1804 1224 deos,
1825 1170 1851 1214 et
1869 1164 1961 1217 uolunt
1980 1165 2067 1233 potius
2084 1174 2113 1224 ut

1329 1241 1398 1296 bens
1420 1258 1487 1296 rrrrus
1508 1226 1626 1312 colatur,
1653 1247 1723 1301 beris
1744 1265 1810 1304 rtnrrs
1832 1251 1970 1319 adoretur,
1993 1255 2047 1311 beo
2067 1259 2111 1311 arni

1328 1333 1486 1388 sacrificium
1507 1335 1648 1401 oiieratur,
1665 1353 1717 1392 non
1736 1340 1784 1394 sibi
1801 1358 1808 1394 :
1823 1343 1861 1397 sic
1877 1354 1903 1399 et
1917 1360 2009 1400 omncs
2026 1349 2110 1401 sancti

1328 1424 1422 1493 trigeti
1435 1426 1454 1490 ¹,
1470 1425 1538 1478 illius
1555 1426 1664 1494 gloriam
1684 1440 1822 1497 quarunt,
1838 1447 1916 1501 quem
1936 1434 2062 1505 diligunt:
2078 1436 2112 1491 ad

1329 1515 1386 1580 ejus
1401 1515 1516 1578 enltum,
1532 1516 1564 1570 ad
1579 1515 1636 1585 ejus
1655 1517 1854 1584 adorationem,
1870 1522 1902 1576 ad
1915 1523 1973 1591 ejus
1991 1534 2112 1580 content-

1329 1605 1470 1671 platiouem
1485 1621 1577 1660 omues
1589 1623 1656 1676 quos
1668 1609 1782 1679 diligunt
1801 1626 1893 1681 rapere
1906 1622 1933 1667 ct
1950 1615 2112 1673 inllammare

1329 1693 1452 1761 stadent;
1473 1695 1559 1765 ipsum
1581 1698 1630 1752 illis
1647 1699 1823 1767 annuntiant,
1846 1717 1899 1756 noa
1921 1719 1968 1769 se,
1989 1721 2110 1774 quomam

1330 1786 1423 1853 suspoli
1442 1795 1523 1840 suot:
1539 1797 1566 1843 et
1591 1789 1651 1857 qnia
1671 1790 1768 1846 milites
1787 1803 1857 1854 snat,
1871 1809 1923 1848 non
1947 1806 2043 1850 nonunt
2057 1799 2113 1866 glo·

1330 1875 1396 1930 riam
1418 1893 1537 1947 quaerere
1557 1879 1606 1936 nisi
1631 1881 1800 1952 lmperatoris
1821 1886 1876 1949 sni;
1891 1886 1914 1941 si
1928 1897 2015 1942 autem
2038 1904 2112 1945 suam

1329 1967 1440 2036 gloriam
1466 1971 1639 2038 quesierint,
1665 1982 1694 2027 ut
1719 1977 1822 2045 tyranni
1847 1977 2015 2032 damnamur.
2042 1980 2114 2034 Talis

1330 2059 1432 2111 exstitit
1442 2058 1598 2116 diaboluset
1611 2061 1752 2129 demonia,
1769 2066 1793 2120 id
1802 2077 1843 2120 est
1852 2068 1936 2136 arrqeli
1946 2068 2004 2137 ejus
2018 2085 2113 2124 :arro-

1330 2148 1402 2216 gavit
1415 2148 1464 2202 sibi
1479 2149 1606 2206 bonorem
1619 2153 1736 2209 diuinum
1751 2165 1778 2210 et
1790 2158 1913 2212 ontrribus
1922 2158 2075 2225 daemoniis:
2088 2168 2116 2216 et

1332 2239 1451 2308 implerit
1461 2243 1557 2312 templa
1573 2243 1755 2314 paganorum,
1778 2256 1804 2302 et
1817 2250 1945 2316 persuasit
1958 2250 2113 2313 simulacra,

1331 2338 1359 2384 et
1372 2332 1502 2399 persuasit
1525 2333 1568 2386 illa
1588 2335 1716 2390 sacrillcia
1729 2336 1820 2392 oilerri
1838 2339 1898 2392 sibi.
1912 2337 2006 2394 Nonne
2020 2339 2115 2394 melius

1332 2431 1390 2476 orat
1400 2431 1429 2475 ut
1444 2423 1557 2493 Angelos
1568 2435 1684 2490 sanctos,
1700 2443 1778 2496 quam
1789 2438 1817 2482 ut
1828 2428 1964 2484 daemones
1978 2429 2115 2484 colerent!

1332 2511 1503 2580 Respondent
1514 2533 1521 2569 a
1534 2513 1592 2570 Non
1614 2516 1726 2572 colimus
1748 2518 1815 2572 mala
1838 2518 1986 2582 daernonia;
2002 2522 2116 2590 angelos

1332 2616 1398 2670 qnos
1412 2602 1509 2669 dicitis,
1524 2604 1596 2673 ipsos
1606 2614 1633 2659 et
1645 2622 1694 2660 uos
1707 2608 1829 2669 colimus,
1845 2609 1955 2663 virtutes
1970 2609 2014 2664 Dei
2027 2612 2115 2680 magni

1332 2703 1359 2745 et
1371 2693 1515 2748 urinisteria
1524 2695 1569 2749 bet
1582 2697 1681 2766 magni.
1694 2695 1798 2752 Utinam
1813 2698 1883 2767 ipsos
1894 2699 1982 2754 colere
1992 2700 2114 2754 velletis:

1334 2780 1409 2836 facile
1426 2782 1459 2837 ab
1473 2783 1537 2851 ipsis
1549 2783 1687 2839 disceretis
1702 2801 1754 2839 aon
1770 2785 1828 2840 illos
1838 2786 1936 2843 colere.
1952 2789 2048 2842 Audite
2066 2804 2116 2842 aa·

1319 2876 1421 2943 'gelum
1435 2875 1582 2930 doctorcm.
1595 2878 1709 2932 Drrcelrat
1722 2879 1861 2947 quemdam
1873 2880 2029 2949 discipulum
2041 2881 2116 2935 Chri·

1333 2962 1378 3027 sti,
1392 2972 1420 3018 et
1440 2964 1596 3020 ostendebat
1615 2967 1651 3020 illi
1666 2967 1747 3020 mmta
1763 2968 1888 3025 iniracula
1907 2970 1933 3023 in
1956 2970 2116 3041 Apocalypsi

1333 3052 1464 3108 loannis:
1480 3055 1524 3110 illc
1538 3064 1625 3110 autem
1650 3057 1763 3126 quolam
1781 3058 1833 3112 sibi
1845 3059 2024 3114 demonstrato
2036 3061 2117 3114 mira-

1323 3144 1394 3198 ⁸cnlo
1406 3144 1514 3198 visionis
1528 3147 1642 3215 expavit,
1654 3157 1687 3204 et,
1694 3148 1765 3200 misit
1777 3163 1807 3202 se
1827 3149 1859 3202 ad
1875 3149 1956 3218 pedes
1969 3151 2078 3219 Angeli;
2091 3160 2117 3208 et

1335 3231 1379 3287 ille
1395 3235 1503 3302 augelus
1523 3236 1567 3304 qni
1588 3252 1639 3288 mm
1662 3231 1796 3302 qrreerrba't
1818 3239 1867 3293 uisi
1888 3240 1997 3308 gltrriam
2013 3241 2117 3295 Domini
2141 3244 2146 3265 '

1334 3325 1393 3389 sui,
1409 3324 1509 3395 Surqe,
1532 3328 1592 3392 quid
1606 3328 1693 3397 sucis?
1708 3330 1806 3399 inquit,
1826 3329 1898 3384 ilium
1912 3334 2002 3393 odoro:
2015 3349 2074 3385 nom
2095 3341 2118 3386 ct

1334 3433 1380 3487 eqo
1393 3434 1524 3471 cottsetmts
1537 3426 1594 3471 tuns
1606 3436 1671 3486 suan,
1686 3429 1709 3472 et
1729 3421 1835 3487 [rutrum
1848 3431 1945 3474 tuorum
1958 3421 2049 3494 (Aper,
2062 3438 2117 3489 xix,

1336 3508 1391 3576 lb).
1408 3508 1476 3576 Quid
1489 3522 1553 3578 erqo
1563 3491 1575 3574 ,¹
1586 3509 1680 3564 iratres
1694 3512 1745 3565 mei
1756 3513 1767 3563 'l
1779 3510 1863 3565 Nemo
1876 3512 1946 3566 dicat
1958 3531 1964 3566 :
1978 3513 2071 3568 Timeo
2085 3530 2119 3570 rte

1336 3602 1464 3654 irascatur
1475 3601 1538 3654 milri
1551 3599 1670 3669 angelus,
1681 3601 1701 3654 si
1711 3618 1762 3656 aon
1777 3602 1851 3656 illum
1859 3604 1918 3657 colo
1929 3619 1976 3672 pro
1985 3604 2036 3658 deo
2047 3618 2118 3658 meo.

1336 3691 1412 3746 Tunc
1430 3691 1476 3746 tibi
1497 3691 1626 3755 irascitur,
1651 3691 1756 3761 quaudo
1771 3695 1855 3761 ipsum
1878 3693 1967 3747 colere
1980 3693 2117 3748 urrlueris:

1338 3783 1422 3837 borrrrs
1436 3790 1477 3836 cst
1492 3782 1573 3847 enim,
1588 3791 1615 3837 et
1631 3781 1712 3836 Deum
1733 3791 1815 3839 aurat.
1827 3782 1964 3850 Quomodo
1986 3783 2119 3839 dromones

1338 3876 1497 3938 irascuntur,
1512 3873 1533 3927 si
1549 3890 1601 3928 rrum
1616 3874 1754 3938 colantur;
1779 3874 1819 3929 sic
1832 3874 1925 3944 singoli
1940 3874 2118 3944 indignantur,

1338 3965 1359 4018 si
1374 3978 1421 4034 pro
1444 3965 1497 4017 beo
1510 3964 1639 4019 colantur.
1656 3963 1709 4019 Sed
1731 3979 1765 4019 ue
1786 3964 1855 4020 iorte
1873 3965 1943 4019 dicat
1956 3964 2006 4021 sibi
2019 3980 2066 4020 cor
2077 3966 2118 4019 in·

1339 4054 1453 4118 lirnium,
1477 4069 1523 4109 cor
1535 4054 1664 4124 trepidum
1681 4054 1772 4124 :Ergo
1790 4053 1813 4108 si
1826 4055 1973 4109 irascuntur
1991 4054 2120 4108 daunonia

1338 4144 1398 4213 quia
1419 4159 1469 4198 non
1493 4144 1627 4210 coluntur,
1650 4144 1730 4197 timeo
1751 4141 1884 4198 ollendere
1896 4143 2036 4197 demonia.
2052 4143 2120 4211 Quid

1339 4233 1385 4286 tibi
1402 4232 1520 4287 iacturas
1544 4242 1586 4288 est
1609 4231 1650 4287 vel
1673 4232 1795 4303 princeps
1810 4232 1926 4301 ipsorum
1941 4232 2078 4287 diabulus?
2092 4234 2121 4289 Si

1339 4327 1431 4394 posset
1459 4306 1580 4390 aliquid,
1602 4321 1688 4378 nullus
1702 4331 1820 4376 nostrum
1840 4331 2000 4377 remaneret.
2028 4320 2122 4378 Nonae

1339 4411 1456 4480 quotidie
1475 4418 1546 4465 tarrtu
1567 4411 1679 4466 inillam
1694 4409 1817 4466 dicuntur
1833 4426 1881 4466 ore
1893 4410 2121 4479 Christianorum,

1339 4510 1367 4556 et
1381 4500 1477 4556 crescit
1487 4515 1563 4570 seges
1574 4499 1804 4556 Christianorum?
1819 4498 1929 4567 eramlo
1942 4501 2122 4558 irascerisne·
2199 4535 2204 4549 ι

1339 4592 1467 4663 quissimo
1487 4607 1565 4648 seruo
1586 4603 1646 4656 tuo,
1668 4591 1719 4647 boc
1733 4608 1829 4647 nomen
1843 4593 1880 4647 illi
1900 4592 2014 4661 imponis
2027 4610 2034 4646 a
2048 4593 2122 4648 Sau-

1342 4699 1405 4748 nss.
1422 4684 1540 4750 diabole;
1566 4684 1617 4738 boc
1635 4684 1672 4738 illi
1688 4684 1763 4740 dicis.
1786 4684 1908 4738 Fortasse
1923 4683 1949 4737 in
1965 4683 2016 4739 boc
2029 4699 2121 4747 erras,

1341 4774 1402 4844 quia
1416 4773 1515 4829 bomini
1529 4774 1580 4828 boc
1591 4772 1677 4837 dicis,
1692 4781 1720 4828 et
1733 4773 1905 4827 immoderata
1924 4773 1961 4827 ira
1974 4773 2074 4843 raperis
2089 4774 2123 4828 ad

1341 4863 1537 4920 crrnriciandam
1560 4863 1699 4933 irrraginem
1726 4863 1771 4917 bei
1795 4871 1844 4919 :et
1869 4872 1955 4919 tanim
1977 4862 2029 4918 lroc
2048 4865 2124 4935 eiiqis

1341 4954 1411 5026 quod
1425 4956 1450 5010 ei
1463 4955 1552 5021 dieas,
1573 4953 1642 5023 quod
1657 4954 1733 5009 raldo
1749 4954 1899 5010 detestaris.
1911 4953 1940 5008 Si
1954 4964 2044 5024 posset
2058 4956 2122 5020 ille,

1341 5060 1394 5100 non
1409 5060 1438 5099 se
1456 5045 1619 5101 uindicaret?
1632 5043 1685 5099 Sed
1707 5060 1758 5097 ιιοιι
1779 5043 1938 5114 permittitur
1952 5060 1960 5096 ι
1973 5053 2000 5097 et
2021 5052 2123 5097 tantum

1341 5137 1421 5202 lacit,
1444 5146 1568 5207 quantum
1594 5135 1764 5206 permittitm.
1777 5133 1843 5189 Nam
1857 5144 1884 5189 et
1894 5133 1948 5188 lob
1961 5143 2063 5190 temarc
2076 5150 2124 5190 so·
2174 5144 2177 5153 ¹

1342 5231 1400 5295 luit,
1414 5240 1442 5286 et
1463 5231 1566 5286 nomrisi
1589 5239 1743 5298 potestatem
1760 5228 1883 5299 quaesiuit
1902 5227 1961 5298 (lob
1982 5243 2002 5293 t,
2020 5226 2075 5297 ll);
2097 5237 2124 5283 et

1343 5322 1407 5376 nibil
1431 5322 1542 5385 laceret,
1559 5320 1608 5374 nisi
1623 5329 1780 5389 potestatem
1792 5319 1948 5388 accepisset.
1970 5319 2057 5384 Quare
2071 5333 2123 5371 nou

1342 5426 1405 5481 ergo
1418 5424 1528 5464 securm
1544 5410 1624 5463 licum
1642 5408 1756 5473 adoras,
1782 5423 1835 5478 quu
1856 5408 1963 5463 uolente
1985 5421 2063 5461 tremo
2077 5405 2124 5460 tibi

1343 5508 1430 5566 aocet,
1444 5508 1472 5553 ct
1482 5515 1534 5568 qno
1549 5498 1716 5568 permittente
1735 5498 1895 5562 emendaris,
1909 5513 1961 5552 uon
1974 5495 2124 5552 everterisl

1342 5592 1370 5649 Si
1383 5591 1453 5644 enim
1468 5589 1595 5661 placuerit
1608 5587 1721 5643 Domino
1736 5589 1790 5644 lleo
1803 5599 1850 5644 tuo
1864 5586 2018 5659 permittere
2035 5592 2063 5638 ut
2074 5584 2123 5638 ali-

1343 5682 1402 5748 quis
1411 5681 1489 5733 borno
1501 5678 1548 5733 tibi
1560 5687 1671 5744 noceat,
1682 5689 1727 5733 aut
1740 5679 1835 5751 aliquis
1845 5678 1953 5748 spiritus
1962 5674 2007 5728 tibi
2019 5684 2125 5739 noceat,

1342 5769 1494 5826 crutendabit
1517 5772 1565 5833 te,
1582 5777 1611 5823 ut
1623 5769 1722 5825 clames
1735 5769 1768 5824 ad
1791 5783 1871 5825 eum:
1886 5763 2031 5822 Emendunr
2043 5781 2126 5820 eaten-

1342 5863 1410 5915 dnoit
1422 5876 1460 5914 me
1474 5859 1614 5924 Donrintts,
1636 5859 1681 5913 teti
1693 5860 1767 5912 ntorti
1787 5875 1838 5912 nort
1861 5855 1964 5911 tradidit
1977 5871 2017 5910 me
2030 5853 2124 5927 tent.
2221 5892 2223 5896 »

1343 5951 1498 6018 criniti).
1522 5949 1608 6019 Ergo.
1633 5948 1826 6020 confunduntur
1843 5962 1928 6002 omncs
1953 5946 1996 6018 qui
2017 5946 2125 6002 admont

1342 6041 1484 6111 scalptilia,
1508 6041 1550 6109 qni
1573 6039 1714 6111 qiorinntnr
1727 6039 1753 6092 ia
1773 6037 1914 6095 aiamiocris
1935 6039 1997 6093 stris.
2015 6037 2126 6096 Adaiou

1378 6155 1386 6184 ¹
1400 6152 1466 6213 eod,
1475 6151 1551 6204 soracti
1561 6150 1597 6204 tei
1614 6149 1699 6216 aneti.
1711 6151 1836 6216 mocula,
1846 6150 1892 6214 ccl,
1903 6152 1972 6205 abest
1983 6164 1998 6204 a
2008 6159 2061 6203 ttss
2118 6172 2121 6177 ·
