<?xml version="1.0" encoding="UTF-8"?>
<!DOCTYPE html PUBLIC "-//W3C//DTD XHTML 1.0 Transitional//EN"
    "http://www.w3.org/TR/xhtml1/DTD/xhtml1-transitional.dtd">
<html xmlns="http://www.w3.org/1999/xhtml" xml:lang="en" lang="en">
 <head>
  <title>
</title>
<meta http-equiv="Content-Type" content="text/html;charset=utf-8" />
  <meta name='ocr-system' content='tesseract 3.04.00' />
  <meta name='ocr-capabilities' content='ocr_page ocr_carea ocr_par ocr_line ocrx_word'/>
</head>
<body>
  <div class='ocr_page' id='page_1' title='image "./patrologiaecurs50migngoog/patrologiaecurs50migngoog_0124.png"; bbox 0 0 5400 7059; ppageno 0'>
   <div class='ocr_carea' id='block_1_1' title="bbox 491 758 659 812">
    <p class='ocr_par' dir='ltr' id='par_1_1' title="bbox 491 758 659 812">
     <span class='ocr_line' id='line_1_1' title="bbox 491 758 659 812; baseline -0.012 2"><span class='ocrx_word' id='word_1_1' title='bbox 491 783 493 787; x_wconf 50' lang='lat'><em>⁷</em></span> <span class='ocrx_word' id='word_1_2' title='bbox 590 758 659 812; x_wconf 65' lang='grc'><strong>1955</strong></span> 
     </span>
    </p>
   </div>
   <div class='ocr_carea' id='block_1_2' title="bbox 588 858 1369 931">
    <p class='ocr_par' dir='ltr' id='par_1_2' title="bbox 588 858 1369 931">
     <span class='ocr_line' id='line_1_2' title="bbox 588 858 1369 931; baseline -0.022 -4"><span class='ocrx_word' id='word_1_3' title='bbox 588 874 685 929; x_wconf 81' lang='lat' dir='ltr'><strong>ltvcutio</strong></span> <span class='ocrx_word' id='word_1_4' title='bbox 697 889 704 924; x_wconf 78' lang='grc' dir='ltr'>ι</span> <span class='ocrx_word' id='word_1_5' title='bbox 718 868 816 925; x_wconf 79' lang='lat' dir='ltr'><strong>nonsit</strong></span> <span class='ocrx_word' id='word_1_6' title='bbox 830 879 918 921; x_wconf 85' lang='lat' dir='ltr'><strong>tarrrcn</strong></span> <span class='ocrx_word' id='word_1_7' title='bbox 931 870 1032 917; x_wconf 88' lang='lat' dir='ltr'><strong>mutum</strong></span> <span class='ocrx_word' id='word_1_8' title='bbox 1046 858 1169 931; x_wconf 77' lang='lat' dir='ltr'><strong>gaudium</strong></span> <span class='ocrx_word' id='word_1_9' title='bbox 1182 876 1189 923; x_wconf 89' lang='lat'>;</span> <span class='ocrx_word' id='word_1_10' title='bbox 1204 874 1250 914; x_wconf 91' lang='lat' dir='ltr'><strong>cor</strong></span> <span class='ocrx_word' id='word_1_11' title='bbox 1264 873 1314 912; x_wconf 89' lang='lat' dir='ltr'><strong>non</strong></span> <span class='ocrx_word' id='word_1_12' title='bbox 1328 866 1369 910; x_wconf 91' lang='lat' dir='ltr'><strong>ta·</strong></span> 
     </span>
    </p>
   </div>
   <div class='ocr_carea' id='block_1_3' title="bbox 494 947 1383 1020">
    <p class='ocr_par' dir='ltr' id='par_1_3' title="bbox 494 947 1383 1020">
     <span class='ocr_line' id='line_1_3' title="bbox 494 947 1383 1020; baseline -0.031 3"><span class='ocrx_word' id='word_1_13' title='bbox 494 963 499 976; x_wconf 95' lang='grc'><strong><em>’</em></strong></span> <span class='ocrx_word' id='word_1_14' title='bbox 588 974 647 1020; x_wconf 72' lang='lat' dir='ltr'><strong>crat</strong></span> <span class='ocrx_word' id='word_1_15' title='bbox 662 962 744 1017; x_wconf 82' lang='lat' dir='ltr'><strong>[icum</strong></span> <span class='ocrx_word' id='word_1_16' title='bbox 765 973 858 1020; x_wconf 87' lang='lat' dir='ltr'><strong>suunt,</strong></span> <span class='ocrx_word' id='word_1_17' title='bbox 878 969 931 1009; x_wconf 91' lang='lat' dir='ltr'><strong>non</strong></span> <span class='ocrx_word' id='word_1_18' title='bbox 955 958 1040 1008; x_wconf 87' lang='lat' dir='ltr'><strong>laceat</strong></span> <span class='ocrx_word' id='word_1_19' title='bbox 1061 965 1170 1004; x_wconf 87' lang='lat' dir='ltr'><strong>munera</strong></span> <span class='ocrx_word' id='word_1_20' title='bbox 1191 948 1258 1018; x_wconf 82' lang='lat' dir='ltr'><strong>ejus.</strong></span> <span class='ocrx_word' id='word_1_21' title='bbox 1274 948 1302 1001; x_wconf 90' lang='lat' dir='ltr'><strong>Si</strong></span> <span class='ocrx_word' id='word_1_22' title='bbox 1325 947 1383 999; x_wconf 81' lang='lat' dir='ltr'><strong>tilii</strong></span> 
     </span>
    </p>
   </div>
   <div class='ocr_carea' id='block_1_4' title="bbox 586 1037 1373 1758">
    <p class='ocr_par' dir='ltr' id='par_1_4' title="bbox 586 1037 1373 1387">
     <span class='ocr_line' id='line_1_4' title="bbox 588 1037 1369 1127; baseline -0.027 -15"><span class='ocrx_word' id='word_1_23' title='bbox 588 1055 713 1127; x_wconf 86' lang='lat' dir='ltr'><strong>loqueris,</strong></span> <span class='ocrx_word' id='word_1_24' title='bbox 726 1051 771 1105; x_wconf 90' lang='lat' dir='ltr'><strong>tibi</strong></span> <span class='ocrx_word' id='word_1_25' title='bbox 784 1057 892 1104; x_wconf 86' lang='lat' dir='ltr'><strong>sanatus</strong></span> <span class='ocrx_word' id='word_1_26' title='bbox 901 1061 946 1112; x_wconf 81' lang='lat' dir='ltr'><strong>est;</strong></span> <span class='ocrx_word' id='word_1_27' title='bbox 960 1044 1017 1099; x_wconf 89' lang='lat' dir='ltr'><strong>sici</strong></span> <span class='ocrx_word' id='word_1_28' title='bbox 1031 1052 1056 1098; x_wconf 89' lang='lat' dir='ltr'><strong>te</strong></span> <span class='ocrx_word' id='word_1_29' title='bbox 1067 1042 1171 1097; x_wconf 87' lang='lat' dir='ltr'><strong>sanavit</strong></span> <span class='ocrx_word' id='word_1_30' title='bbox 1183 1040 1291 1095; x_wconf 83' lang='lat' dir='ltr'><strong>dextera</strong></span> <span class='ocrx_word' id='word_1_31' title='bbox 1301 1037 1369 1105; x_wconf 78' lang='lat' dir='ltr'><strong>ejus,</strong></span> 
     </span>
     <span class='ocr_line' id='line_1_5' title="bbox 587 1127 1373 1215; baseline -0.028 -12"><span class='ocrx_word' id='word_1_32' title='bbox 587 1149 612 1204; x_wconf 87' lang='lat' dir='ltr'><strong>ei</strong></span> <span class='ocrx_word' id='word_1_33' title='bbox 634 1146 741 1215; x_wconf 82' lang='lat' dir='ltr'><strong>loquere</strong></span> <span class='ocrx_word' id='word_1_34' title='bbox 762 1140 804 1195; x_wconf 90' lang='lat' dir='ltr'><strong>cui</strong></span> <span class='ocrx_word' id='word_1_35' title='bbox 826 1145 935 1194; x_wconf 86' lang='lat' dir='ltr'><strong>sanatus</strong></span> <span class='ocrx_word' id='word_1_36' title='bbox 953 1150 993 1190; x_wconf 91' lang='lat' dir='ltr'><strong>es.</strong></span> <span class='ocrx_word' id='word_1_37' title='bbox 1014 1152 1024 1186; x_wconf 87' lang='grc' dir='ltr'>ι</span> <span class='ocrx_word' id='word_1_38' title='bbox 1041 1132 1171 1187; x_wconf 80' lang='lat' dir='ltr'><strong>Viderunt</strong></span> <span class='ocrx_word' id='word_1_39' title='bbox 1193 1145 1287 1185; x_wconf 88' lang='lat' dir='ltr'><strong>omnes</strong></span> <span class='ocrx_word' id='word_1_40' title='bbox 1306 1127 1373 1183; x_wconf 84' lang='lat' dir='ltr'><strong>lanes</strong></span> 
     </span>
     <span class='ocr_line' id='line_1_6' title="bbox 589 1221 1372 1293; baseline -0.024 -1"><span class='ocrx_word' id='word_1_41' title='bbox 589 1250 665 1293; x_wconf 82' lang='lat' dir='ltr'><strong>terre</strong></span> <span class='ocrx_word' id='word_1_42' title='bbox 687 1231 804 1288; x_wconf 89' lang='lat' dir='ltr'><strong>salutare</strong></span> <span class='ocrx_word' id='word_1_43' title='bbox 825 1229 872 1284; x_wconf 84' lang='lat' dir='ltr'><strong>lici</strong></span> <span class='ocrx_word' id='word_1_44' title='bbox 894 1226 987 1283; x_wconf 78' lang='lat' dir='ltr'><strong>nostri.</strong></span> <span class='ocrx_word' id='word_1_45' title='bbox 1007 1223 1121 1279; x_wconf 80' lang='lat' dir='ltr'><strong>iubilate</strong></span> <span class='ocrx_word' id='word_1_46' title='bbox 1143 1222 1222 1286; x_wconf 85' lang='lat' dir='ltr'><strong>beo,</strong></span> <span class='ocrx_word' id='word_1_47' title='bbox 1249 1221 1372 1275; x_wconf 86' lang='lat' dir='ltr'><strong>universa</strong></span> 
     </span>
     <span class='ocr_line' id='line_1_7' title="bbox 586 1313 1184 1387; baseline -0.022 -8"><span class='ocrx_word' id='word_1_48' title='bbox 586 1334 673 1387; x_wconf 87' lang='lat' dir='ltr'><strong>terra;</strong></span> <span class='ocrx_word' id='word_1_49' title='bbox 688 1328 808 1385; x_wconf 82' lang='lat' dir='ltr'><strong>caritate,</strong></span> <span class='ocrx_word' id='word_1_50' title='bbox 822 1328 849 1372; x_wconf 90' lang='lat' dir='ltr'><strong>et</strong></span> <span class='ocrx_word' id='word_1_51' title='bbox 865 1317 1014 1380; x_wconf 82' lang='lat' dir='ltr'><strong>exsultate,</strong></span> <span class='ocrx_word' id='word_1_52' title='bbox 1029 1323 1055 1368; x_wconf 92' lang='lat' dir='ltr'><strong>et</strong></span> <span class='ocrx_word' id='word_1_53' title='bbox 1067 1313 1184 1385; x_wconf 75' lang='lat' dir='ltr'><strong>psallite.</strong></span> 
     </span>
    </p>

    <p class='ocr_par' dir='ltr' id='par_1_5' title="bbox 587 1401 1373 1758">
     <span class='ocr_line' id='line_1_8' title="bbox 621 1401 1371 1489; baseline -0.024 -18"><span class='ocrx_word' id='word_1_54' title='bbox 621 1415 648 1472; x_wconf 84' lang='lat'><strong>5.</strong></span> <span class='ocrx_word' id='word_1_55' title='bbox 662 1413 746 1489; x_wconf 69' lang='lat' dir='ltr'><strong>[acra</strong></span> <span class='ocrx_word' id='word_1_56' title='bbox 757 1409 803 1484; x_wconf 81' lang='grc'><strong>5.]</strong></span> <span class='ocrx_word' id='word_1_57' title='bbox 816 1410 923 1466; x_wconf 78' lang='lat' dir='ltr'><strong>Prodite</strong></span> <span class='ocrx_word' id='word_1_58' title='bbox 936 1408 1044 1462; x_wconf 82' lang='lat' dir='ltr'><strong>Domino</strong></span> <span class='ocrx_word' id='word_1_59' title='bbox 1057 1402 1109 1458; x_wconf 84' lang='lat' dir='ltr'><strong>Deo</strong></span> <span class='ocrx_word' id='word_1_60' title='bbox 1120 1414 1207 1456; x_wconf 86' lang='lat' dir='ltr'><strong>nostro</strong></span> <span class='ocrx_word' id='word_1_61' title='bbox 1222 1402 1248 1455; x_wconf 94' lang='lat' dir='ltr'><strong>in</strong></span> <span class='ocrx_word' id='word_1_62' title='bbox 1259 1401 1371 1463; x_wconf 82' lang='lat' dir='ltr'><strong>citiore,</strong></span> 
     </span>
     <span class='ocr_line' id='line_1_9' title="bbox 587 1494 1373 1572; baseline -0.025 -8"><span class='ocrx_word' id='word_1_63' title='bbox 587 1509 613 1564; x_wconf 87' lang='lat' dir='ltr'><strong>in</strong></span> <span class='ocrx_word' id='word_1_64' title='bbox 626 1508 723 1563; x_wconf 83' lang='lat' dir='ltr'><strong>citiore</strong></span> <span class='ocrx_word' id='word_1_65' title='bbox 735 1515 758 1560; x_wconf 88' lang='lat' dir='ltr'><strong>et</strong></span> <span class='ocrx_word' id='word_1_66' title='bbox 770 1520 829 1558; x_wconf 80' lang='lat' dir='ltr'><strong>noce</strong></span> <span class='ocrx_word' id='word_1_67' title='bbox 843 1502 944 1572; x_wconf 83' lang='lat' dir='ltr'><strong>prolati.</strong></span> <span class='ocrx_word' id='word_1_68' title='bbox 955 1499 1081 1559; x_wconf 70' lang='lat' dir='ltr'><strong>Psallite,</strong></span> <span class='ocrx_word' id='word_1_69' title='bbox 1098 1511 1149 1550; x_wconf 91' lang='lat' dir='ltr'><strong>non</strong></span> <span class='ocrx_word' id='word_1_70' title='bbox 1167 1509 1232 1549; x_wconf 87' lang='lat' dir='ltr'><strong>voce</strong></span> <span class='ocrx_word' id='word_1_71' title='bbox 1247 1494 1321 1557; x_wconf 74' lang='lat' dir='ltr'><strong>sola,</strong></span> <span class='ocrx_word' id='word_1_72' title='bbox 1334 1507 1373 1545; x_wconf 86' lang='lat' dir='ltr'><strong>as·</strong></span> 
     </span>
     <span class='ocr_line' id='line_1_10' title="bbox 587 1584 1373 1668; baseline -0.024 -13"><span class='ocrx_word' id='word_1_73' title='bbox 587 1602 684 1656; x_wconf 86' lang='lat' dir='ltr'><strong>sumite</strong></span> <span class='ocrx_word' id='word_1_74' title='bbox 695 1612 776 1668; x_wconf 89' lang='lat' dir='ltr'><strong>opera</strong></span> <span class='ocrx_word' id='word_1_75' title='bbox 787 1637 796 1660; x_wconf 94' lang='lat'><strong>,</strong></span> <span class='ocrx_word' id='word_1_76' title='bbox 809 1602 838 1649; x_wconf 94' lang='grc' dir='ltr'><strong>ιιι</strong></span> <span class='ocrx_word' id='word_1_77' title='bbox 852 1608 905 1649; x_wconf 92' lang='lat' dir='ltr'><strong>non</strong></span> <span class='ocrx_word' id='word_1_78' title='bbox 921 1602 1021 1646; x_wconf 77' lang='lat' dir='ltr'><strong>mutum</strong></span> <span class='ocrx_word' id='word_1_79' title='bbox 1035 1589 1163 1650; x_wconf 87' lang='lat' dir='ltr'><strong>cantetis,</strong></span> <span class='ocrx_word' id='word_1_80' title='bbox 1178 1584 1263 1641; x_wconf 89' lang='lat' dir='ltr'><strong>sedet</strong></span> <span class='ocrx_word' id='word_1_81' title='bbox 1277 1599 1373 1654; x_wconf 90' lang='lat' dir='ltr'><strong>opere-</strong></span> 
     </span>
     <span class='ocr_line' id='line_1_11' title="bbox 588 1674 1372 1758; baseline -0.027 -9"><span class='ocrx_word' id='word_1_82' title='bbox 588 1691 663 1749; x_wconf 84' lang='lat' dir='ltr'><strong>mini.</strong></span> <span class='ocrx_word' id='word_1_83' title='bbox 676 1687 726 1758; x_wconf 90' lang='lat' dir='ltr'><strong>Qui</strong></span> <span class='ocrx_word' id='word_1_84' title='bbox 740 1695 830 1748; x_wconf 78' lang='lat' dir='ltr'><strong>mutat</strong></span> <span class='ocrx_word' id='word_1_85' title='bbox 848 1695 877 1741; x_wconf 88' lang='lat' dir='ltr'><strong>et</strong></span> <span class='ocrx_word' id='word_1_86' title='bbox 896 1693 1030 1755; x_wconf 89' lang='lat' dir='ltr'><strong>operatur,</strong></span> <span class='ocrx_word' id='word_1_87' title='bbox 1047 1678 1136 1751; x_wconf 75' lang='lat' dir='ltr'>psallit</span> <span class='ocrx_word' id='word_1_88' title='bbox 1148 1679 1175 1732; x_wconf 92' lang='lat' dir='ltr'><strong>in</strong></span> <span class='ocrx_word' id='word_1_89' title='bbox 1189 1675 1291 1732; x_wconf 88' lang='lat' dir='ltr'><strong>eithara</strong></span> <span class='ocrx_word' id='word_1_90' title='bbox 1303 1683 1330 1730; x_wconf 88' lang='lat' dir='ltr'><strong>et</strong></span> <span class='ocrx_word' id='word_1_91' title='bbox 1345 1674 1372 1728; x_wconf 93' lang='lat' dir='ltr'><strong>in</strong></span> 
     </span>
    </p>
   </div>
   <div class='ocr_carea' id='block_1_5' title="bbox 481 1766 723 1855">
    <p class='ocr_par' dir='ltr' id='par_1_6' title="bbox 481 1766 723 1855">
     <span class='ocr_line' id='line_1_12' title="bbox 481 1766 723 1855; baseline -0.029 -14"><span class='ocrx_word' id='word_1_92' title='bbox 481 1766 485 1774; x_wconf 40' lang='lat'>⁵</span> <span class='ocrx_word' id='word_1_93' title='bbox 543 1791 546 1801; x_wconf 86' lang='lat'>&#39;</span> <span class='ocrx_word' id='word_1_94' title='bbox 587 1782 723 1855; x_wconf 89' lang='lat' dir='ltr'><strong>psalterio.</strong></span> 
     </span>
    </p>
   </div>
   <div class='ocr_carea' id='block_1_6' title="bbox 587 1858 1374 2036">
    <p class='ocr_par' dir='ltr' id='par_1_7' title="bbox 587 1858 1374 2036">
     <span class='ocr_line' id='line_1_13' title="bbox 621 1858 1371 1946; baseline -0.025 -17"><span class='ocrx_word' id='word_1_95' title='bbox 621 1874 648 1929; x_wconf 87' lang='grc'><strong>6.</strong></span> <span class='ocrx_word' id='word_1_96' title='bbox 663 1871 744 1946; x_wconf 73' lang='lat' dir='ltr'><strong>[nera</strong></span> <span class='ocrx_word' id='word_1_97' title='bbox 756 1867 795 1943; x_wconf 80' lang='grc'><strong>6.)</strong></span> <span class='ocrx_word' id='word_1_98' title='bbox 808 1867 842 1924; x_wconf 83' lang='grc' dir='ltr'>Ει</span> <span class='ocrx_word' id='word_1_99' title='bbox 857 1867 918 1922; x_wconf 90' lang='lat' dir='ltr'><strong>ride</strong></span> <span class='ocrx_word' id='word_1_100' title='bbox 942 1863 1031 1935; x_wconf 83' lang='lat' dir='ltr'><strong>qualia</strong></span> <span class='ocrx_word' id='word_1_101' title='bbox 1045 1875 1145 1934; x_wconf 76' lang='lat' dir='ltr'><strong>organa</strong></span> <span class='ocrx_word' id='word_1_102' title='bbox 1167 1858 1347 1930; x_wconf 75' lang='lat' dir='ltr'><strong>adjunguntur</strong></span> <span class='ocrx_word' id='word_1_103' title='bbox 1363 1858 1371 1890; x_wconf 84' lang='lat'><strong>¹</strong></span> 
     </span>
     <span class='ocr_line' id='line_1_14' title="bbox 587 1948 1374 2036; baseline -0.02 -17"><span class='ocrx_word' id='word_1_104' title='bbox 587 1965 613 2019; x_wconf 92' lang='lat' dir='ltr'><strong>in</strong></span> <span class='ocrx_word' id='word_1_105' title='bbox 635 1959 849 2017; x_wconf 77' lang='lat' dir='ltr'><strong>similitudinibus</strong></span> <span class='ocrx_word' id='word_1_106' title='bbox 864 1976 871 2036; x_wconf 60' lang='lat' dir='ltr'><strong>a</strong></span> <span class='ocrx_word' id='word_1_107' title='bbox 888 1954 921 2010; x_wconf 85' lang='lat' dir='ltr'><strong>ln</strong></span> <span class='ocrx_word' id='word_1_108' title='bbox 942 1954 1006 2009; x_wconf 83' lang='lat' dir='ltr'><strong>tubis</strong></span> <span class='ocrx_word' id='word_1_109' title='bbox 1029 1951 1163 2008; x_wconf 75' lang='lat' dir='ltr'><strong>ductilibus</strong></span> <span class='ocrx_word' id='word_1_110' title='bbox 1185 1959 1209 2004; x_wconf 85' lang='lat' dir='ltr'><strong>et</strong></span> <span class='ocrx_word' id='word_1_111' title='bbox 1229 1963 1286 2002; x_wconf 86' lang='lat' dir='ltr'><strong>voce</strong></span> <span class='ocrx_word' id='word_1_112' title='bbox 1307 1948 1374 2003; x_wconf 72' lang='lat' dir='ltr'><strong>tuba</strong></span> 
     </span>
    </p>
   </div>
   <div class='ocr_carea' id='block_1_7' title="bbox 586 2040 1373 2121">
    <p class='ocr_par' dir='ltr' id='par_1_8' title="bbox 586 2040 1373 2121">
     <span class='ocr_line' id='line_1_15' title="bbox 586 2040 1373 2121; baseline -0.027 -9"><span class='ocrx_word' id='word_1_113' title='bbox 586 2069 692 2112; x_wconf 72' lang='lat' dir='ltr'><strong>caraem</strong></span> <span class='ocrx_word' id='word_1_114' title='bbox 706 2051 775 2121; x_wconf 91' lang='lat' dir='ltr'><strong>Quid</strong></span> <span class='ocrx_word' id='word_1_115' title='bbox 796 2049 846 2106; x_wconf 87' lang='lat' dir='ltr'><strong>sibi</strong></span> <span class='ocrx_word' id='word_1_116' title='bbox 865 2048 958 2103; x_wconf 90' lang='lat' dir='ltr'><strong>volunt</strong></span> <span class='ocrx_word' id='word_1_117' title='bbox 973 2045 1041 2102; x_wconf 72' lang='lat' dir='ltr'><strong>tubae</strong></span> <span class='ocrx_word' id='word_1_118' title='bbox 1055 2044 1167 2098; x_wconf 75' lang='lat' dir='ltr'><strong>ductiles</strong></span> <span class='ocrx_word' id='word_1_119' title='bbox 1181 2051 1206 2096; x_wconf 92' lang='lat' dir='ltr'><strong>et</strong></span> <span class='ocrx_word' id='word_1_120' title='bbox 1223 2040 1291 2095; x_wconf 75' lang='lat' dir='ltr'><strong>tube</strong></span> <span class='ocrx_word' id='word_1_121' title='bbox 1311 2054 1373 2092; x_wconf 87' lang='lat' dir='ltr'><strong>eor·</strong></span> 
     </span>
    </p>
   </div>
   <div class='ocr_carea' id='block_1_8' title="bbox 588 2128 1372 2306">
    <p class='ocr_par' dir='ltr' id='par_1_9' title="bbox 588 2128 1372 2306">
     <span class='ocr_line' id='line_1_16' title="bbox 588 2128 1372 2202; baseline -0.029 1"><span class='ocrx_word' id='word_1_122' title='bbox 588 2145 661 2202; x_wconf 76' lang='lat' dir='ltr'><strong>neci</strong></span> <span class='ocrx_word' id='word_1_123' title='bbox 677 2143 791 2198; x_wconf 82' lang='lat' dir='ltr'><strong>brictiles</strong></span> <span class='ocrx_word' id='word_1_124' title='bbox 804 2141 875 2195; x_wconf 75' lang='lat' dir='ltr'><strong>tubae</strong></span> <span class='ocrx_word' id='word_1_125' title='bbox 889 2154 966 2193; x_wconf 70' lang='lat' dir='ltr'><strong>aereae</strong></span> <span class='ocrx_word' id='word_1_126' title='bbox 980 2143 1055 2198; x_wconf 86' lang='lat' dir='ltr'><strong>surrt,</strong></span> <span class='ocrx_word' id='word_1_127' title='bbox 1071 2130 1206 2188; x_wconf 88' lang='lat' dir='ltr'><strong>tondendo</strong></span> <span class='ocrx_word' id='word_1_128' title='bbox 1220 2128 1372 2199; x_wconf 87' lang='lat' dir='ltr'><strong>producun-</strong></span> 
     </span>
     <span class='ocr_line' id='line_1_17' title="bbox 588 2218 1372 2306; baseline -0.031 -12"><span class='ocrx_word' id='word_1_129' title='bbox 588 2250 640 2294; x_wconf 87' lang='lat' dir='ltr'><strong>tur.</strong></span> <span class='ocrx_word' id='word_1_130' title='bbox 655 2238 684 2296; x_wconf 86' lang='lat' dir='ltr'><strong>Si</strong></span> <span class='ocrx_word' id='word_1_131' title='bbox 698 2233 843 2306; x_wconf 76' lang='lat' dir='ltr'><strong>tundendo,</strong></span> <span class='ocrx_word' id='word_1_132' title='bbox 863 2245 927 2302; x_wconf 76' lang='lat' dir='ltr'><strong>ergo</strong></span> <span class='ocrx_word' id='word_1_133' title='bbox 941 2226 1098 2299; x_wconf 88' lang='lat' dir='ltr'><strong>vapulando.</strong></span> <span class='ocrx_word' id='word_1_134' title='bbox 1114 2223 1193 2278; x_wconf 82' lang='lat' dir='ltr'><strong>Eritis</strong></span> <span class='ocrx_word' id='word_1_135' title='bbox 1206 2222 1274 2275; x_wconf 76' lang='lat' dir='ltr'><strong>tubm</strong></span> <span class='ocrx_word' id='word_1_136' title='bbox 1285 2218 1372 2273; x_wconf 86' lang='lat' dir='ltr'><strong>ducti-</strong></span> 
     </span>
    </p>
   </div>
   <div class='ocr_carea' id='block_1_9' title="bbox 479 2307 1372 2396">
    <p class='ocr_par' dir='ltr' id='par_1_10' title="bbox 479 2307 1372 2396">
     <span class='ocr_line' id='line_1_18' title="bbox 479 2307 1372 2396; baseline -0.034 -6"><span class='ocrx_word' id='word_1_137' title='bbox 479 2307 485 2319; x_wconf 47' lang='grc'>’</span> <span class='ocrx_word' id='word_1_138' title='bbox 587 2332 641 2396; x_wconf 85' lang='lat' dir='ltr'><strong>les,</strong></span> <span class='ocrx_word' id='word_1_139' title='bbox 663 2328 695 2382; x_wconf 91' lang='lat' dir='ltr'><strong>ad</strong></span> <span class='ocrx_word' id='word_1_140' title='bbox 715 2325 820 2381; x_wconf 89' lang='lat' dir='ltr'><strong>laudem</strong></span> <span class='ocrx_word' id='word_1_141' title='bbox 839 2323 885 2377; x_wconf 85' lang='lat' dir='ltr'><strong>Dei</strong></span> <span class='ocrx_word' id='word_1_142' title='bbox 908 2319 1058 2392; x_wconf 79' lang='lat' dir='ltr'><strong>producte,</strong></span> <span class='ocrx_word' id='word_1_143' title='bbox 1081 2315 1103 2370; x_wconf 90' lang='lat' dir='ltr'><strong>si</strong></span> <span class='ocrx_word' id='word_1_144' title='bbox 1127 2329 1187 2369; x_wconf 91' lang='lat' dir='ltr'><strong>cum</strong></span> <span class='ocrx_word' id='word_1_145' title='bbox 1212 2308 1372 2366; x_wconf 71' lang='lat' dir='ltr'><strong>tribulamini</strong></span> 
     </span>
    </p>
   </div>
   <div class='ocr_carea' id='block_1_10' title="bbox 551 2404 1396 2753">
    <p class='ocr_par' dir='ltr' id='par_1_11' title="bbox 551 2404 1396 2753">
     <span class='ocr_line' id='line_1_19' title="bbox 588 2404 1371 2497; baseline -0.031 -16"><span class='ocrx_word' id='word_1_146' title='bbox 588 2422 751 2497; x_wconf 85' lang='lat' dir='ltr'><strong>pmstciatis:</strong></span> <span class='ocrx_word' id='word_1_147' title='bbox 767 2417 900 2474; x_wconf 88' lang='lat' dir='ltr'><strong>tribulatio</strong></span> <span class='ocrx_word' id='word_1_148' title='bbox 915 2412 1013 2486; x_wconf 84' lang='lat' dir='ltr'><strong>tunsio,</strong></span> <span class='ocrx_word' id='word_1_149' title='bbox 1027 2410 1158 2482; x_wconf 85' lang='lat' dir='ltr'><strong>proiectus</strong></span> <span class='ocrx_word' id='word_1_150' title='bbox 1171 2404 1308 2477; x_wconf 87' lang='lat' dir='ltr'><strong>productio</strong></span> <span class='ocrx_word' id='word_1_151' title='bbox 1320 2411 1371 2457; x_wconf 88' lang='lat' dir='ltr'><strong>est.</strong></span> 
     </span>
     <span class='ocr_line' id='line_1_20' title="bbox 587 2502 1396 2575; baseline -0.031 -3"><span class='ocrx_word' id='word_1_152' title='bbox 587 2517 660 2572; x_wconf 79' lang='lat' dir='ltr'><strong>&#39;larba</strong></span> <span class='ocrx_word' id='word_1_153' title='bbox 683 2513 788 2570; x_wconf 86' lang='lat' dir='ltr'><strong>ductilis</strong></span> <span class='ocrx_word' id='word_1_154' title='bbox 806 2517 863 2566; x_wconf 92' lang='lat' dir='ltr'><strong>erat</strong></span> <span class='ocrx_word' id='word_1_155' title='bbox 882 2507 950 2574; x_wconf 78' lang='lat' dir='ltr'><strong>iob,</strong></span> <span class='ocrx_word' id='word_1_156' title='bbox 971 2502 1076 2575; x_wconf 88' lang='lat' dir='ltr'><strong>qrrando</strong></span> <span class='ocrx_word' id='word_1_157' title='bbox 1101 2508 1209 2572; x_wconf 87' lang='lat' dir='ltr'><strong>repente</strong></span> <span class='ocrx_word' id='word_1_158' title='bbox 1231 2509 1372 2567; x_wconf 88' lang='lat' dir='ltr'><strong>percussus</strong></span> <span class='ocrx_word' id='word_1_159' title='bbox 1394 2530 1396 2536; x_wconf 84' lang='lat'><em>-</em></span> 
     </span>
     <span class='ocr_line' id='line_1_21' title="bbox 551 2587 1372 2663; baseline -0.034 2"><span class='ocrx_word' id='word_1_160' title='bbox 551 2602 554 2613; x_wconf 60' lang='lat'><em>⁴</em></span> <span class='ocrx_word' id='word_1_161' title='bbox 587 2607 666 2663; x_wconf 88' lang='lat' dir='ltr'><strong>tatrtis</strong></span> <span class='ocrx_word' id='word_1_162' title='bbox 679 2604 782 2661; x_wconf 86' lang='lat' dir='ltr'><strong>damnis</strong></span> <span class='ocrx_word' id='word_1_163' title='bbox 795 2611 822 2656; x_wconf 92' lang='lat' dir='ltr'><strong>et</strong></span> <span class='ocrx_word' id='word_1_164' title='bbox 836 2598 949 2655; x_wconf 86' lang='lat' dir='ltr'><strong>orbitate</strong></span> <span class='ocrx_word' id='word_1_165' title='bbox 962 2594 1086 2657; x_wconf 82' lang='lat' dir='ltr'><strong>filiorum,</strong></span> <span class='ocrx_word' id='word_1_166' title='bbox 1103 2590 1224 2646; x_wconf 79' lang='lat' dir='ltr'><strong>tunsione</strong></span> <span class='ocrx_word' id='word_1_167' title='bbox 1239 2587 1281 2641; x_wconf 88' lang='lat' dir='ltr'><strong>illa</strong></span> <span class='ocrx_word' id='word_1_168' title='bbox 1294 2593 1372 2639; x_wconf 81' lang='lat' dir='ltr'><strong>tantm</strong></span> 
     </span>
     <span class='ocr_line' id='line_1_22' title="bbox 587 2677 1372 2753; baseline -0.027 0"><span class='ocrx_word' id='word_1_169' title='bbox 587 2693 764 2753; x_wconf 86' lang='lat' dir='ltr'><strong>tribulationis</strong></span> <span class='ocrx_word' id='word_1_170' title='bbox 787 2692 871 2746; x_wconf 87' lang='lat' dir='ltr'><strong>lactus</strong></span> <span class='ocrx_word' id='word_1_171' title='bbox 892 2690 953 2744; x_wconf 87' lang='lat' dir='ltr'><strong>tuba</strong></span> <span class='ocrx_word' id='word_1_172' title='bbox 974 2685 1096 2746; x_wconf 91' lang='lat' dir='ltr'><strong>ductilis,</strong></span> <span class='ocrx_word' id='word_1_173' title='bbox 1117 2680 1228 2738; x_wconf 87' lang='lat' dir='ltr'><strong>sonuit:</strong></span> <span class='ocrx_word' id='word_1_174' title='bbox 1251 2677 1372 2732; x_wconf 82' lang='lat' dir='ltr'><strong>Dorrrinns</strong></span> 
     </span>
    </p>
   </div>
   <div class='ocr_carea' id='block_1_11' title="bbox 585 2769 1373 2933">
    <p class='ocr_par' dir='ltr' id='par_1_12' title="bbox 585 2769 1373 2933">
     <span class='ocr_line' id='line_1_23' title="bbox 585 2769 1370 2854; baseline -0.032 -9"><span class='ocrx_word' id='word_1_175' title='bbox 585 2789 671 2854; x_wconf 80' lang='lat' dir='ltr'><strong>dedit,</strong></span> <span class='ocrx_word' id='word_1_176' title='bbox 687 2786 809 2840; x_wconf 83' lang='lat' dir='ltr'><strong>Dorrrinttr</strong></span> <span class='ocrx_word' id='word_1_177' title='bbox 828 2781 946 2844; x_wconf 75' lang='lat' dir='ltr'><strong>obstulit5</strong></span> <span class='ocrx_word' id='word_1_178' title='bbox 964 2778 1028 2833; x_wconf 80' lang='lat' dir='ltr'><strong>sicut</strong></span> <span class='ocrx_word' id='word_1_179' title='bbox 1052 2774 1159 2829; x_wconf 84' lang='lat' dir='ltr'><strong>Domine</strong></span> <span class='ocrx_word' id='word_1_180' title='bbox 1173 2769 1267 2841; x_wconf 80' lang='lat' dir='ltr'><strong>placuit</strong></span> <span class='ocrx_word' id='word_1_181' title='bbox 1280 2769 1316 2822; x_wconf 83' lang='lat' dir='ltr'><strong>ita</strong></span> <span class='ocrx_word' id='word_1_182' title='bbox 1329 2771 1370 2840; x_wconf 75' lang='lat' dir='ltr'><strong>{u-</strong></span> 
     </span>
     <span class='ocr_line' id='line_1_24' title="bbox 586 2859 1373 2933; baseline -0.027 0"><span class='ocrx_word' id='word_1_183' title='bbox 586 2890 653 2933; x_wconf 83' lang='lat' dir='ltr'><strong>etant</strong></span> <span class='ocrx_word' id='word_1_184' title='bbox 666 2886 702 2931; x_wconf 83' lang='lat' dir='ltr'><strong>ert</strong></span> <span class='ocrx_word' id='word_1_185' title='bbox 713 2890 722 2930; x_wconf 91' lang='lat'><strong>.·</strong></span> <span class='ocrx_word' id='word_1_186' title='bbox 733 2875 764 2929; x_wconf 82' lang='lat' dir='ltr'><strong>sit</strong></span> <span class='ocrx_word' id='word_1_187' title='bbox 775 2887 865 2927; x_wconf 85' lang='lat' dir='ltr'><strong>nomen</strong></span> <span class='ocrx_word' id='word_1_188' title='bbox 882 2867 986 2923; x_wconf 83' lang='lat' dir='ltr'><strong>Domini</strong></span> <span class='ocrx_word' id='word_1_189' title='bbox 997 2865 1163 2920; x_wconf 82' lang='lat' dir='ltr'><strong>benedictam.</strong></span> <span class='ocrx_word' id='word_1_190' title='bbox 1176 2859 1315 2928; x_wconf 83' lang='lat' dir='ltr'><strong>Quomodo</strong></span> <span class='ocrx_word' id='word_1_191' title='bbox 1328 2875 1373 2914; x_wconf 88' lang='lat' dir='ltr'><strong>so·</strong></span> 
     </span>
    </p>
   </div>
   <div class='ocr_carea' id='block_1_12' title="bbox 484 2947 1372 3036">
    <p class='ocr_par' dir='ltr' id='par_1_13' title="bbox 484 2947 1372 3036">
     <span class='ocr_line' id='line_1_25' title="bbox 484 2947 1372 3036; baseline -0.029 -9"><span class='ocrx_word' id='word_1_192' title='bbox 484 3005 488 3013; x_wconf 86' lang='lat'><strong>·</strong></span> <span class='ocrx_word' id='word_1_193' title='bbox 587 2968 661 3023; x_wconf 88' lang='lat' dir='ltr'><strong>rruitl</strong></span> <span class='ocrx_word' id='word_1_194' title='bbox 676 2980 753 3036; x_wconf 71' lang='lat' dir='ltr'><strong>tritam</strong></span> <span class='ocrx_word' id='word_1_195' title='bbox 769 2977 875 3019; x_wconf 78' lang='lat' dir='ltr'><strong>suavem</strong></span> <span class='ocrx_word' id='word_1_196' title='bbox 892 2972 986 3014; x_wconf 90' lang='lat' dir='ltr'><strong>sonum</strong></span> <span class='ocrx_word' id='word_1_197' title='bbox 1009 2954 1097 3011; x_wconf 87' lang='lat' dir='ltr'><strong>dedit!</strong></span> <span class='ocrx_word' id='word_1_198' title='bbox 1120 2953 1171 3007; x_wconf 88' lang='lat' dir='ltr'><strong>lsta</strong></span> <span class='ocrx_word' id='word_1_199' title='bbox 1187 2949 1291 3005; x_wconf 88' lang='lat' dir='ltr'><strong>ductilis</strong></span> <span class='ocrx_word' id='word_1_200' title='bbox 1309 2947 1372 3003; x_wconf 89' lang='lat' dir='ltr'><strong>tuba</strong></span> 
     </span>
    </p>
   </div>
   <div class='ocr_carea' id='block_1_13' title="bbox 532 3034 1373 6124">
    <p class='ocr_par' dir='ltr' id='par_1_14' title="bbox 532 3034 1373 6124">
     <span class='ocr_line' id='line_1_26' title="bbox 587 3034 1373 3118; baseline -0.029 -1"><span class='ocrx_word' id='word_1_201' title='bbox 587 3062 675 3117; x_wconf 87' lang='lat' dir='ltr'><strong>adlruc</strong></span> <span class='ocrx_word' id='word_1_202' title='bbox 689 3057 825 3113; x_wconf 90' lang='lat' dir='ltr'><strong>tunditur:</strong></span> <span class='ocrx_word' id='word_1_203' title='bbox 842 3055 919 3108; x_wconf 88' lang='lat' dir='ltr'><strong>datus</strong></span> <span class='ocrx_word' id='word_1_204' title='bbox 932 3060 974 3106; x_wconf 91' lang='lat' dir='ltr'><strong>cst</strong></span> <span class='ocrx_word' id='word_1_205' title='bbox 992 3049 1018 3104; x_wconf 92' lang='lat' dir='ltr'><strong>in</strong></span> <span class='ocrx_word' id='word_1_206' title='bbox 1036 3055 1206 3118; x_wconf 85' lang='lat' dir='ltr'><strong>potestatem,</strong></span> <span class='ocrx_word' id='word_1_207' title='bbox 1223 3034 1254 3097; x_wconf 75' lang='lat' dir='ltr'><strong>ut‘</strong></span> <span class='ocrx_word' id='word_1_208' title='bbox 1270 3050 1297 3095; x_wconf 91' lang='lat' dir='ltr'><strong>et</strong></span> <span class='ocrx_word' id='word_1_209' title='bbox 1309 3054 1373 3095; x_wconf 88' lang='lat' dir='ltr'><strong>caro</strong></span> 
     </span>
     <span class='ocr_line' id='line_1_27' title="bbox 586 3136 1372 3224; baseline -0.032 -15"><span class='ocrx_word' id='word_1_210' title='bbox 586 3152 644 3224; x_wconf 82' lang='lat' dir='ltr'><strong>ejus</strong></span> <span class='ocrx_word' id='word_1_211' title='bbox 653 3156 847 3221; x_wconf 88' lang='lat' dir='ltr'><strong>percuteretur;</strong></span> <span class='ocrx_word' id='word_1_212' title='bbox 858 3155 981 3214; x_wconf 87' lang='lat' dir='ltr'><strong>percussa</strong></span> <span class='ocrx_word' id='word_1_213' title='bbox 990 3148 1040 3204; x_wconf 84' lang='lat' dir='ltr'><strong>est,</strong></span> <span class='ocrx_word' id='word_1_214' title='bbox 1049 3136 1130 3207; x_wconf 87' lang='lat' dir='ltr'><strong>coepit</strong></span> <span class='ocrx_word' id='word_1_215' title='bbox 1140 3143 1302 3205; x_wconf 86' lang='lat' dir='ltr'><strong>putrescere,</strong></span> <span class='ocrx_word' id='word_1_216' title='bbox 1312 3145 1372 3184; x_wconf 85' lang='lat' dir='ltr'><strong>sra-</strong></span> 
     </span>
     <span class='ocr_line' id='line_1_28' title="bbox 587 3224 1373 3306; baseline -0.036 -5"><span class='ocrx_word' id='word_1_217' title='bbox 587 3253 644 3301; x_wconf 89' lang='lat' dir='ltr'><strong>tere</strong></span> <span class='ocrx_word' id='word_1_218' title='bbox 657 3239 800 3297; x_wconf 78' lang='lat' dir='ltr'><strong>vermibus.</strong></span> <span class='ocrx_word' id='word_1_219' title='bbox 817 3234 958 3306; x_wconf 86' lang='lat' dir='ltr'><strong>Supposita</strong></span> <span class='ocrx_word' id='word_1_220' title='bbox 972 3229 1026 3286; x_wconf 79' lang='lat' dir='ltr'><strong>Ilva</strong></span> <span class='ocrx_word' id='word_1_221' title='bbox 1040 3228 1073 3283; x_wconf 91' lang='lat' dir='ltr'><strong>ad</strong></span> <span class='ocrx_word' id='word_1_222' title='bbox 1087 3224 1285 3286; x_wconf 83' lang='lat' dir='ltr'><strong>seductionem,</strong></span> <span class='ocrx_word' id='word_1_223' title='bbox 1305 3237 1373 3275; x_wconf 90' lang='lat' dir='ltr'><strong>uxor</strong></span> 
     </span>
     <span class='ocr_line' id='line_1_29' title="bbox 584 3314 1372 3408; baseline -0.029 -17"><span class='ocrx_word' id='word_1_224' title='bbox 584 3335 643 3408; x_wconf 82' lang='lat' dir='ltr'><strong>ejus</strong></span> <span class='ocrx_word' id='word_1_225' title='bbox 659 3342 761 3389; x_wconf 88' lang='lat' dir='ltr'><strong>servata</strong></span> <span class='ocrx_word' id='word_1_226' title='bbox 775 3329 807 3385; x_wconf 91' lang='lat' dir='ltr'><strong>ad</strong></span> <span class='ocrx_word' id='word_1_227' title='bbox 820 3325 994 3395; x_wconf 89' lang='lat' dir='ltr'><strong>ministerium</strong></span> <span class='ocrx_word' id='word_1_228' title='bbox 1008 3319 1118 3382; x_wconf 86' lang='lat' dir='ltr'><strong>diaboli,</strong></span> <span class='ocrx_word' id='word_1_229' title='bbox 1135 3332 1190 3373; x_wconf 90' lang='lat' dir='ltr'><strong>nort</strong></span> <span class='ocrx_word' id='word_1_230' title='bbox 1202 3314 1235 3371; x_wconf 93' lang='lat' dir='ltr'><strong>ad</strong></span> <span class='ocrx_word' id='word_1_231' title='bbox 1248 3314 1372 3369; x_wconf 88' lang='lat' dir='ltr'><strong>solatium</strong></span> 
     </span>
     <span class='ocr_line' id='line_1_30' title="bbox 585 3406 1369 3493; baseline -0.032 -10"><span class='ocrx_word' id='word_1_232' title='bbox 585 3426 685 3492; x_wconf 83' lang='lat' dir='ltr'><strong>vuar-iti,</strong></span> <span class='ocrx_word' id='word_1_233' title='bbox 707 3422 823 3493; x_wconf 78' lang='lat' dir='ltr'><strong>suggerit</strong></span> <span class='ocrx_word' id='word_1_234' title='bbox 841 3415 1047 3488; x_wconf 72' lang='lat' dir='ltr'><strong>blasphemiam,</strong></span> <span class='ocrx_word' id='word_1_235' title='bbox 1065 3428 1117 3467; x_wconf 90' lang='lat' dir='ltr'><strong>non</strong></span> <span class='ocrx_word' id='word_1_236' title='bbox 1136 3409 1303 3479; x_wconf 87' lang='lat' dir='ltr'><strong>obtemperat</strong></span> <span class='ocrx_word' id='word_1_237' title='bbox 1315 3406 1369 3460; x_wconf 91' lang='lat' dir='ltr'><strong>ille.</strong></span> 
     </span>
     <span class='ocr_line' id='line_1_31' title="bbox 561 3497 1370 3584; baseline -0.031 -10"><span class='ocrx_word' id='word_1_238' title='bbox 561 3514 781 3584; x_wconf 86' lang='lat' dir='ltr'><strong>·0btemperavit</strong></span> <span class='ocrx_word' id='word_1_239' title='bbox 801 3511 886 3566; x_wconf 74' lang='lat' dir='ltr'><strong>Adam</strong></span> <span class='ocrx_word' id='word_1_240' title='bbox 900 3508 962 3563; x_wconf 80' lang='lat' dir='ltr'><strong>Evae</strong></span> <span class='ocrx_word' id='word_1_241' title='bbox 983 3507 1008 3561; x_wconf 92' lang='lat' dir='ltr'><strong>in</strong></span> <span class='ocrx_word' id='word_1_242' title='bbox 1030 3501 1152 3575; x_wconf 88' lang='lat' dir='ltr'><strong>paradiso</strong></span> <span class='ocrx_word' id='word_1_243' title='bbox 1171 3497 1247 3570; x_wconf 79' lang='lat' dir='ltr'><strong>(Gen.</strong></span> <span class='ocrx_word' id='word_1_244' title='bbox 1264 3513 1309 3559; x_wconf 91' lang='lat' dir='ltr'><strong>tn,</strong></span> <span class='ocrx_word' id='word_1_245' title='bbox 1323 3497 1370 3564; x_wconf 88' lang='grc'><strong>6);</strong></span> 
     </span>
     <span class='ocr_line' id='line_1_32' title="bbox 584 3586 1371 3676; baseline -0.032 -14"><span class='ocrx_word' id='word_1_246' title='bbox 584 3605 688 3676; x_wconf 86' lang='lat' dir='ltr'><strong>repellit</strong></span> <span class='ocrx_word' id='word_1_247' title='bbox 700 3602 783 3657; x_wconf 88' lang='lat' dir='ltr'><strong>ttdam</strong></span> <span class='ocrx_word' id='word_1_248' title='bbox 798 3601 878 3654; x_wconf 85' lang='lat' dir='ltr'><strong>Evam</strong></span> <span class='ocrx_word' id='word_1_249' title='bbox 891 3599 917 3651; x_wconf 92' lang='lat' dir='ltr'><strong>in</strong></span> <span class='ocrx_word' id='word_1_250' title='bbox 930 3604 1057 3651; x_wconf 81' lang='lat' dir='ltr'><strong>stercore.</strong></span> <span class='ocrx_word' id='word_1_251' title='bbox 1072 3591 1099 3645; x_wconf 93' lang='lat' dir='ltr'><strong>ln</strong></span> <span class='ocrx_word' id='word_1_252' title='bbox 1115 3599 1231 3644; x_wconf 88' lang='lat' dir='ltr'><strong>stercore</strong></span> <span class='ocrx_word' id='word_1_253' title='bbox 1244 3586 1315 3641; x_wconf 90' lang='lat' dir='ltr'><strong>enim</strong></span> <span class='ocrx_word' id='word_1_254' title='bbox 1329 3598 1371 3638; x_wconf 88' lang='lat' dir='ltr'><strong>se-</strong></span> 
     </span>
     <span class='ocr_line' id='line_1_33' title="bbox 584 3673 1368 3761; baseline -0.034 -9"><span class='ocrx_word' id='word_1_255' title='bbox 584 3697 664 3752; x_wconf 87' lang='lat' dir='ltr'><strong>debat</strong></span> <span class='ocrx_word' id='word_1_256' title='bbox 676 3693 743 3757; x_wconf 83' lang='lat' dir='ltr'><strong>tob,</strong></span> <span class='ocrx_word' id='word_1_257' title='bbox 757 3707 823 3761; x_wconf 47' lang='lat' dir='ltr'><strong>curn„</strong></span> <span class='ocrx_word' id='word_1_258' title='bbox 831 3676 925 3744; x_wconf 86' lang='lat' dir='ltr'><strong>duer&#39;et</strong></span> <span class='ocrx_word' id='word_1_259' title='bbox 936 3695 964 3740; x_wconf 88' lang='lat' dir='ltr'><strong>et</strong></span> <span class='ocrx_word' id='word_1_260' title='bbox 976 3688 1140 3754; x_wconf 86' lang='lat' dir='ltr'><strong>putresceret</strong></span> <span class='ocrx_word' id='word_1_261' title='bbox 1152 3677 1297 3732; x_wconf 89' lang='lat' dir='ltr'><strong>vermibus.</strong></span> <span class='ocrx_word' id='word_1_262' title='bbox 1312 3673 1368 3727; x_wconf 81' lang='lat' dir='ltr'><strong>lle·</strong></span> 
     </span>
     <span class='ocr_line' id='line_1_34' title="bbox 559 3767 1370 3853; baseline -0.035 -10"><span class='ocrx_word' id='word_1_263' title='bbox 559 3800 562 3807; x_wconf 93' lang='grc'><strong>’</strong></span> <span class='ocrx_word' id='word_1_264' title='bbox 584 3787 635 3842; x_wconf 88' lang='lat' dir='ltr'><strong>lior</strong></span> <span class='ocrx_word' id='word_1_265' title='bbox 646 3785 696 3841; x_wconf 86' lang='lat' dir='ltr'><strong>Jub</strong></span> <span class='ocrx_word' id='word_1_266' title='bbox 709 3783 793 3853; x_wconf 89' lang='lat' dir='ltr'><strong>putris</strong></span> <span class='ocrx_word' id='word_1_267' title='bbox 804 3781 830 3835; x_wconf 90' lang='lat' dir='ltr'><strong>in</strong></span> <span class='ocrx_word' id='word_1_268' title='bbox 843 3786 973 3840; x_wconf 81' lang='lat' dir='ltr'><strong>stercore,</strong></span> <span class='ocrx_word' id='word_1_269' title='bbox 986 3788 1064 3844; x_wconf 87' lang='lat' dir='ltr'><strong>quam</strong></span> <span class='ocrx_word' id='word_1_270' title='bbox 1078 3770 1122 3826; x_wconf 90' lang='lat' dir='ltr'><strong>ille</strong></span> <span class='ocrx_word' id='word_1_271' title='bbox 1137 3769 1240 3837; x_wconf 72' lang='lat' dir='ltr'><strong>integer</strong></span> <span class='ocrx_word' id='word_1_272' title='bbox 1251 3767 1277 3820; x_wconf 92' lang='lat' dir='ltr'><strong>in</strong></span> <span class='ocrx_word' id='word_1_273' title='bbox 1293 3778 1370 3833; x_wconf 87' lang='lat' dir='ltr'><strong>para·</strong></span> 
     </span>
     <span class='ocr_line' id='line_1_35' title="bbox 583 3859 1371 3936; baseline -0.03 -1"><span class='ocrx_word' id='word_1_274' title='bbox 583 3880 652 3936; x_wconf 86' lang='lat' dir='ltr'><strong>diso.</strong></span> <span class='ocrx_word' id='word_1_275' title='bbox 667 3874 720 3932; x_wconf 89' lang='lat' dir='ltr'><strong>Sed</strong></span> <span class='ocrx_word' id='word_1_276' title='bbox 734 3873 820 3928; x_wconf 91' lang='lat' dir='ltr'><strong>adbuc</strong></span> <span class='ocrx_word' id='word_1_277' title='bbox 839 3871 884 3926; x_wconf 89' lang='lat' dir='ltr'><strong>illa</strong></span> <span class='ocrx_word' id='word_1_278' title='bbox 906 3869 960 3923; x_wconf 87' lang='lat' dir='ltr'><strong>Eva</strong></span> <span class='ocrx_word' id='word_1_279' title='bbox 983 3874 1057 3929; x_wconf 88' lang='lat' dir='ltr'><strong>erat,</strong></span> <span class='ocrx_word' id='word_1_280' title='bbox 1077 3864 1131 3934; x_wconf 83' lang='lat' dir='ltr'><strong>jam</strong></span> <span class='ocrx_word' id='word_1_281' title='bbox 1155 3861 1200 3916; x_wconf 91' lang='lat' dir='ltr'><strong>ille</strong></span> <span class='ocrx_word' id='word_1_282' title='bbox 1214 3859 1297 3914; x_wconf 79' lang='lat' dir='ltr'><strong>Atiam</strong></span> <span class='ocrx_word' id='word_1_283' title='bbox 1318 3872 1371 3911; x_wconf 92' lang='lat' dir='ltr'><strong>non</strong></span> 
     </span>
     <span class='ocr_line' id='line_1_36' title="bbox 585 3949 1371 4034; baseline -0.031 -9"><span class='ocrx_word' id='word_1_284' title='bbox 585 3979 652 4026; x_wconf 89' lang='lat' dir='ltr'><strong>erat.</strong></span> <span class='ocrx_word' id='word_1_285' title='bbox 669 3963 816 4034; x_wconf 89' lang='lat' dir='ltr'><strong>llespondit</strong></span> <span class='ocrx_word' id='word_1_286' title='bbox 835 3961 896 4027; x_wconf 71' lang='lat' dir='ltr'><strong>Evae</strong></span> <span class='ocrx_word' id='word_1_287' title='bbox 911 3965 1065 4030; x_wconf 70' lang='lat' dir='ltr'><strong>preparans</strong></span> <span class='ocrx_word' id='word_1_288' title='bbox 1076 3954 1108 4009; x_wconf 89' lang='lat' dir='ltr'><strong>ad</strong></span> <span class='ocrx_word' id='word_1_289' title='bbox 1124 3953 1201 4007; x_wconf 87' lang='lat' dir='ltr'><strong>istam</strong></span> <span class='ocrx_word' id='word_1_290' title='bbox 1217 3949 1371 4018; x_wconf 84' lang='lat' dir='ltr'><strong>supplanta·</strong></span> 
     </span>
     <span class='ocr_line' id='line_1_37' title="bbox 585 4041 1371 4116; baseline -0.031 0"><span class='ocrx_word' id='word_1_291' title='bbox 585 4062 684 4116; x_wconf 83' lang='lat' dir='ltr'><strong>tionem</strong></span> <span class='ocrx_word' id='word_1_292' title='bbox 700 4065 728 4111; x_wconf 89' lang='lat' dir='ltr'><strong>et</strong></span> <span class='ocrx_word' id='word_1_293' title='bbox 742 4053 932 4116; x_wconf 89' lang='lat' dir='ltr'><strong>tentationem,</strong></span> <span class='ocrx_word' id='word_1_294' title='bbox 954 4058 981 4104; x_wconf 91' lang='lat' dir='ltr'><strong>et</strong></span> <span class='ocrx_word' id='word_1_295' title='bbox 1001 4048 1039 4102; x_wconf 92' lang='lat' dir='ltr'><strong>ait</strong></span> <span class='ocrx_word' id='word_1_296' title='bbox 1057 4047 1113 4101; x_wconf 89' lang='lat' dir='ltr'><strong>illi:</strong></span> <span class='ocrx_word' id='word_1_297' title='bbox 1130 4045 1210 4116; x_wconf 82' lang='lat' dir='ltr'><strong>(Ecce</strong></span> <span class='ocrx_word' id='word_1_298' title='bbox 1223 4041 1371 4096; x_wconf 90' lang='lat' dir='ltr'><strong>audivimus</strong></span> 
     </span>
     <span class='ocr_line' id='line_1_38' title="bbox 583 4135 1369 4225; baseline -0.025 -17"><span class='ocrx_word' id='word_1_299' title='bbox 583 4150 716 4225; x_wconf 83' lang='lat' dir='ltr'><strong>quoorodo</strong></span> <span class='ocrx_word' id='word_1_300' title='bbox 731 4147 847 4203; x_wconf 86' lang='lat' dir='ltr'><strong>tunditur</strong></span> <span class='ocrx_word' id='word_1_301' title='bbox 859 4145 919 4199; x_wconf 84' lang='lat' dir='ltr'><strong>urba</strong></span> <span class='ocrx_word' id='word_1_302' title='bbox 933 4144 992 4197; x_wconf 80' lang='lat' dir='ltr'><strong>ista.</strong></span> <span class='ocrx_word' id='word_1_303' title='bbox 1007 4140 1139 4197; x_wconf 73' lang='lat' dir='ltr'><strong>l‘ercnssit</strong></span> <span class='ocrx_word' id='word_1_304' title='bbox 1149 4153 1209 4193; x_wconf 91' lang='lat' dir='ltr'><strong>eum</strong></span> <span class='ocrx_word' id='word_1_305' title='bbox 1221 4135 1341 4191; x_wconf 89' lang='lat' dir='ltr'><strong>diabolus</strong></span> <span class='ocrx_word' id='word_1_306' title='bbox 1355 4149 1369 4188; x_wconf 93' lang='lat' dir='ltr'><strong>a</strong></span> 
     </span>
     <span class='ocr_line' id='line_1_39' title="bbox 584 4233 1372 4314; baseline -0.024 -15"><span class='ocrx_word' id='word_1_307' title='bbox 584 4245 671 4314; x_wconf 89' lang='lat' dir='ltr'><strong>capite</strong></span> <span class='ocrx_word' id='word_1_308' title='bbox 680 4256 764 4311; x_wconf 77' lang='lat' dir='ltr'><strong>usque</strong></span> <span class='ocrx_word' id='word_1_309' title='bbox 773 4239 805 4294; x_wconf 88' lang='lat' dir='ltr'><strong>ad</strong></span> <span class='ocrx_word' id='word_1_310' title='bbox 816 4237 898 4309; x_wconf 88' lang='lat' dir='ltr'><strong>pedes</strong></span> <span class='ocrx_word' id='word_1_311' title='bbox 906 4234 980 4307; x_wconf 77' lang='lat' dir='ltr'><strong>gravi</strong></span> <span class='ocrx_word' id='word_1_312' title='bbox 989 4233 1105 4297; x_wconf 90' lang='lat' dir='ltr'><strong>vnlnere,</strong></span> <span class='ocrx_word' id='word_1_313' title='bbox 1116 4241 1142 4287; x_wconf 91' lang='lat' dir='ltr'><strong>ct</strong></span> <span class='ocrx_word' id='word_1_314' title='bbox 1150 4240 1303 4301; x_wconf 87' lang='lat' dir='ltr'><strong>putrescens</strong></span> <span class='ocrx_word' id='word_1_315' title='bbox 1313 4242 1372 4284; x_wconf 88' lang='lat' dir='ltr'><strong>ver-</strong></span> 
     </span>
     <span class='ocr_line' id='line_1_40' title="bbox 584 4316 1370 4397; baseline -0.023 -8"><span class='ocrx_word' id='word_1_316' title='bbox 584 4334 679 4397; x_wconf 89' lang='lat' dir='ltr'><strong>rnilnrs,</strong></span> <span class='ocrx_word' id='word_1_317' title='bbox 690 4329 799 4385; x_wconf 86' lang='lat' dir='ltr'><strong>sedebat</strong></span> <span class='ocrx_word' id='word_1_318' title='bbox 809 4329 835 4382; x_wconf 90' lang='lat' dir='ltr'><strong>in</strong></span> <span class='ocrx_word' id='word_1_319' title='bbox 847 4338 974 4384; x_wconf 87' lang='lat' dir='ltr'><strong>stercore.</strong></span> <span class='ocrx_word' id='word_1_320' title='bbox 985 4323 1140 4379; x_wconf 77' lang='lat' dir='ltr'><strong>Audivimus</strong></span> <span class='ocrx_word' id='word_1_321' title='bbox 1150 4316 1370 4390; x_wconf 77' lang='lat' dir='ltr'><strong>quemadmodum</strong></span> 
     </span>
     <span class='ocr_line' id='line_1_41' title="bbox 585 4410 1373 4490; baseline -0.022 -8"><span class='ocrx_word' id='word_1_322' title='bbox 585 4435 677 4482; x_wconf 91' lang='lat' dir='ltr'><strong>tunsus</strong></span> <span class='ocrx_word' id='word_1_323' title='bbox 687 4433 743 4487; x_wconf 89' lang='lat' dir='ltr'><strong>est;</strong></span> <span class='ocrx_word' id='word_1_324' title='bbox 754 4419 894 4476; x_wconf 88' lang='lat' dir='ltr'><strong>audiamus</strong></span> <span class='ocrx_word' id='word_1_325' title='bbox 903 4416 1037 4490; x_wconf 84' lang='lat' dir='ltr'><strong>quomodo</strong></span> <span class='ocrx_word' id='word_1_326' title='bbox 1050 4424 1125 4471; x_wconf 85' lang='lat' dir='ltr'><strong>sonet</strong></span> <span class='ocrx_word' id='word_1_327' title='bbox 1136 4433 1143 4468; x_wconf 75' lang='grc' dir='ltr'><em>τ</em></span> <span class='ocrx_word' id='word_1_328' title='bbox 1157 4413 1226 4468; x_wconf 82' lang='lat' dir='ltr'><strong>tuine</strong></span> <span class='ocrx_word' id='word_1_329' title='bbox 1237 4411 1314 4482; x_wconf 80' lang='lat' dir='ltr'><strong>liujus</strong></span> <span class='ocrx_word' id='word_1_330' title='bbox 1324 4410 1373 4466; x_wconf 92' lang='lat' dir='ltr'><strong>du-</strong></span> 
     </span>
     <span class='ocr_line' id='line_1_42' title="bbox 583 4503 1371 4579; baseline -0.019 -8"><span class='ocrx_word' id='word_1_331' title='bbox 583 4516 652 4572; x_wconf 89' lang='lat' dir='ltr'><strong>ctilis</strong></span> <span class='ocrx_word' id='word_1_332' title='bbox 665 4512 769 4569; x_wconf 90' lang='lat' dir='ltr'><strong>dulcem</strong></span> <span class='ocrx_word' id='word_1_333' title='bbox 790 4527 896 4573; x_wconf 87' lang='lat' dir='ltr'><strong>rocem,</strong></span> <span class='ocrx_word' id='word_1_334' title='bbox 911 4509 934 4564; x_wconf 89' lang='lat' dir='ltr'><strong>si</strong></span> <span class='ocrx_word' id='word_1_335' title='bbox 947 4509 1040 4579; x_wconf 90' lang='lat' dir='ltr'><strong>placet,</strong></span> <span class='ocrx_word' id='word_1_336' title='bbox 1056 4504 1216 4573; x_wconf 85' lang='lat' dir='ltr'><strong>audiamus.)</strong></span> <span class='ocrx_word' id='word_1_337' title='bbox 1229 4503 1323 4557; x_wconf 76' lang='lat' dir='ltr'><strong>boemo</strong></span> <span class='ocrx_word' id='word_1_338' title='bbox 1334 4506 1371 4570; x_wconf 80' lang='lat' dir='ltr'><strong>ei,</strong></span> 
     </span>
     <span class='ocr_line' id='line_1_43' title="bbox 584 4579 1373 4680; baseline -0.019 -17"><span class='ocrx_word' id='word_1_339' title='bbox 584 4608 685 4680; x_wconf 77' lang='lat' dir='ltr'><strong>inquit,</strong></span> <span class='ocrx_word' id='word_1_340' title='bbox 705 4616 824 4676; x_wconf 84' lang='lat' dir='ltr'><strong>tanquam</strong></span> <span class='ocrx_word' id='word_1_341' title='bbox 843 4620 895 4657; x_wconf 83' lang='lat' dir='ltr'><strong>nna</strong></span> <span class='ocrx_word' id='word_1_342' title='bbox 917 4617 948 4656; x_wconf 74' lang='lat' dir='ltr'><strong>ea</strong></span> <span class='ocrx_word' id='word_1_343' title='bbox 967 4598 1141 4668; x_wconf 79' lang='lat' dir='ltr'><strong>insipientibus</strong></span> <span class='ocrx_word' id='word_1_344' title='bbox 1161 4595 1314 4649; x_wconf 79' lang='lat' dir='ltr'><strong>ntulieribtta.</strong></span> <span class='ocrx_word' id='word_1_345' title='bbox 1341 4579 1373 4648; x_wconf 65' lang='lat' dir='ltr'><strong>Sl</strong></span> 
     </span>
     <span class='ocr_line' id='line_1_44' title="bbox 584 4683 1372 4766; baseline -0.019 -15"><span class='ocrx_word' id='word_1_346' title='bbox 584 4698 649 4751; x_wconf 85' lang='lat' dir='ltr'><strong>bonu</strong></span> <span class='ocrx_word' id='word_1_347' title='bbox 657 4695 812 4766; x_wconf 82' lang='lat' dir='ltr'><strong>percepimus</strong></span> <span class='ocrx_word' id='word_1_348' title='bbox 820 4693 850 4745; x_wconf 85' lang='lat' dir='ltr'><strong>de</strong></span> <span class='ocrx_word' id='word_1_349' title='bbox 858 4706 935 4744; x_wconf 83' lang='lat' dir='ltr'><strong>omne</strong></span> <span class='ocrx_word' id='word_1_350' title='bbox 945 4688 1053 4752; x_wconf 85' lang='lat' dir='ltr'><strong>Domini,</strong></span> <span class='ocrx_word' id='word_1_351' title='bbox 1063 4687 1130 4739; x_wconf 85' lang='lat' dir='ltr'><strong>maia</strong></span> <span class='ocrx_word' id='word_1_352' title='bbox 1138 4701 1189 4740; x_wconf 83' lang='lat' dir='ltr'><strong>nott</strong></span> <span class='ocrx_word' id='word_1_353' title='bbox 1197 4683 1372 4738; x_wconf 82' lang='lat' dir='ltr'><strong>auatirrebirnuv</strong></span> 
     </span>
     <span class='ocr_line' id='line_1_45' title="bbox 584 4773 1372 4859; baseline -0.018 -18"><span class='ocrx_word' id='word_1_354' title='bbox 584 4787 646 4859; x_wconf 77' lang='lat' dir='ltr'><strong>(iob</strong></span> <span class='ocrx_word' id='word_1_355' title='bbox 656 4802 675 4849; x_wconf 90' lang='lat' dir='ltr'><strong>r,</strong></span> <span class='ocrx_word' id='word_1_356' title='bbox 692 4783 755 4853; x_wconf 72' lang='lat' dir='ltr'><strong>itit</strong></span> <span class='ocrx_word' id='word_1_357' title='bbox 766 4781 787 4836; x_wconf 94' lang='lat'>0</span> <span class='ocrx_word' id='word_1_358' title='bbox 798 4797 892 4836; x_wconf 85' lang='lat' dir='ltr'><strong>sentim</strong></span> <span class='ocrx_word' id='word_1_359' title='bbox 903 4779 1012 4834; x_wconf 81' lang='lat' dir='ltr'><strong>sortem!</strong></span> <span class='ocrx_word' id='word_1_360' title='bbox 1025 4792 1142 4832; x_wconf 87' lang='lat' dir='ltr'><strong>osonum</strong></span> <span class='ocrx_word' id='word_1_361' title='bbox 1153 4775 1275 4830; x_wconf 89' lang='lat' dir='ltr'><strong>dulcem!</strong></span> <span class='ocrx_word' id='word_1_362' title='bbox 1287 4773 1372 4843; x_wconf 83' lang='lat' dir='ltr'><strong>Quem</strong></span> 
     </span>
     <span class='ocr_line' id='line_1_46' title="bbox 585 4863 1372 4936; baseline -0.017 -3"><span class='ocrx_word' id='word_1_363' title='bbox 585 4893 637 4933; x_wconf 81' lang='lat' dir='ltr'><strong>ntro</strong></span> <span class='ocrx_word' id='word_1_364' title='bbox 650 4873 825 4930; x_wconf 91' lang='lat' dir='ltr'><strong>dormientem</strong></span> <span class='ocrx_word' id='word_1_365' title='bbox 837 4871 934 4927; x_wconf 84' lang='lat' dir='ltr'><strong>excitet</strong></span> <span class='ocrx_word' id='word_1_366' title='bbox 946 4883 1027 4933; x_wconf 82' lang='lat' dir='ltr'><strong>sontis</strong></span> <span class='ocrx_word' id='word_1_367' title='bbox 1038 4867 1105 4921; x_wconf 84' lang='lat' dir='ltr'><strong>iste?</strong></span> <span class='ocrx_word' id='word_1_368' title='bbox 1117 4882 1196 4936; x_wconf 72' lang='lat' dir='ltr'><strong>«ruem</strong></span> <span class='ocrx_word' id='word_1_369' title='bbox 1208 4879 1259 4920; x_wconf 89' lang='lat' dir='ltr'><strong>non</strong></span> <span class='ocrx_word' id='word_1_370' title='bbox 1274 4863 1372 4920; x_wconf 88' lang='lat' dir='ltr'><strong>excitet</strong></span> 
     </span>
     <span class='ocr_line' id='line_1_47' title="bbox 585 4957 1373 5040; baseline -0.015 -17"><span class='ocrx_word' id='word_1_371' title='bbox 585 4966 755 5040; x_wconf 71' lang='lat' dir='ltr'><strong>presumptio</strong></span> <span class='ocrx_word' id='word_1_372' title='bbox 763 4965 789 5019; x_wconf 92' lang='lat' dir='ltr'><strong>in</strong></span> <span class='ocrx_word' id='word_1_373' title='bbox 800 4963 866 5030; x_wconf 82' lang='lat' dir='ltr'><strong>beo,</strong></span> <span class='ocrx_word' id='word_1_374' title='bbox 875 4971 904 5017; x_wconf 93' lang='lat' dir='ltr'><strong>ut</strong></span> <span class='ocrx_word' id='word_1_375' title='bbox 913 4961 1039 5015; x_wconf 86' lang='lat' dir='ltr'><strong>adversus</strong></span> <span class='ocrx_word' id='word_1_376' title='bbox 1048 4957 1180 5014; x_wconf 92' lang='lat' dir='ltr'><strong>diabolum</strong></span> <span class='ocrx_word' id='word_1_377' title='bbox 1192 4972 1299 5013; x_wconf 86' lang='lat' dir='ltr'><strong>securus</strong></span> <span class='ocrx_word' id='word_1_378' title='bbox 1309 4972 1373 5027; x_wconf 90' lang='lat' dir='ltr'><strong>pro·</strong></span> 
     </span>
     <span class='ocr_line' id='line_1_48' title="bbox 585 5048 1371 5127; baseline -0.013 -13"><span class='ocrx_word' id='word_1_379' title='bbox 585 5058 661 5115; x_wconf 90' lang='lat' dir='ltr'><strong>cedat</strong></span> <span class='ocrx_word' id='word_1_380' title='bbox 682 5057 707 5111; x_wconf 93' lang='lat' dir='ltr'><strong>in</strong></span> <span class='ocrx_word' id='word_1_381' title='bbox 723 5057 860 5127; x_wconf 79' lang='lat' dir='ltr'><strong>praelium;</strong></span> <span class='ocrx_word' id='word_1_382' title='bbox 883 5069 935 5109; x_wconf 89' lang='lat' dir='ltr'><strong>nen</strong></span> <span class='ocrx_word' id='word_1_383' title='bbox 957 5053 1012 5106; x_wconf 90' lang='lat' dir='ltr'><strong>suis</strong></span> <span class='ocrx_word' id='word_1_384' title='bbox 1023 5050 1123 5106; x_wconf 90' lang='lat' dir='ltr'><strong>viribus</strong></span> <span class='ocrx_word' id='word_1_385' title='bbox 1135 5049 1302 5116; x_wconf 76' lang='lat' dir='ltr'><strong>obtenturuS,</strong></span> <span class='ocrx_word' id='word_1_386' title='bbox 1324 5048 1371 5104; x_wconf 91' lang='lat' dir='ltr'><strong>sed</strong></span> 
     </span>
     <span class='ocr_line' id='line_1_49' title="bbox 538 5140 1371 5222; baseline -0.014 -18"><span class='ocrx_word' id='word_1_387' title='bbox 538 5219 540 5222; x_wconf 22' lang='grc' dir='ltr'>Ι</span> <span class='ocrx_word' id='word_1_388' title='bbox 586 5150 657 5204; x_wconf 86' lang='lat' dir='ltr'><strong>illias</strong></span> <span class='ocrx_word' id='word_1_389' title='bbox 678 5147 722 5218; x_wconf 83' lang='lat' dir='ltr'><strong>qrri</strong></span> <span class='ocrx_word' id='word_1_390' title='bbox 738 5144 925 5216; x_wconf 85' lang='lat' dir='ltr'><strong>probat‘lQuia</strong></span> <span class='ocrx_word' id='word_1_391' title='bbox 947 5143 1002 5213; x_wconf 89' lang='lat' dir='ltr'><strong>ipse</strong></span> <span class='ocrx_word' id='word_1_392' title='bbox 1014 5141 1093 5196; x_wconf 88' lang='lat' dir='ltr'><strong>etiam</strong></span> <span class='ocrx_word' id='word_1_393' title='bbox 1109 5140 1208 5204; x_wconf 71' lang='lat' dir='ltr'><strong>tondit,</strong></span> <span class='ocrx_word' id='word_1_394' title='bbox 1230 5140 1371 5194; x_wconf 88' lang='lat' dir='ltr'><strong>nonenim</strong></span> 
     </span>
     <span class='ocr_line' id='line_1_50' title="bbox 585 5229 1371 5303; baseline -0.011 -11"><span class='ocrx_word' id='word_1_395' title='bbox 585 5241 684 5295; x_wconf 68' lang='lat' dir='ltr'><strong>[arceret</strong></span> <span class='ocrx_word' id='word_1_396' title='bbox 707 5236 840 5292; x_wconf 81' lang='lat' dir='ltr'><strong>nralleus¹</strong></span> <span class='ocrx_word' id='word_1_397' title='bbox 861 5235 894 5290; x_wconf 91' lang='lat' dir='ltr'><strong>de</strong></span> <span class='ocrx_word' id='word_1_398' title='bbox 914 5235 1011 5303; x_wconf 85' lang='lat' dir='ltr'><strong>seipso.</strong></span> <span class='ocrx_word' id='word_1_399' title='bbox 1037 5234 1074 5287; x_wconf 85' lang='lat' dir='ltr'><strong>lle</strong></span> <span class='ocrx_word' id='word_1_400' title='bbox 1094 5233 1163 5286; x_wconf 91' lang='lat' dir='ltr'><strong>illius</strong></span> <span class='ocrx_word' id='word_1_401' title='bbox 1183 5229 1253 5285; x_wconf 89' lang='lat' dir='ltr'><strong>eninr</strong></span> <span class='ocrx_word' id='word_1_402' title='bbox 1275 5229 1371 5283; x_wconf 89' lang='lat' dir='ltr'><strong>diaboli</strong></span> 
     </span>
     <span class='ocr_line' id='line_1_51' title="bbox 586 5319 1372 5400; baseline -0.011 -16"><span class='ocrx_word' id='word_1_403' title='bbox 586 5344 663 5400; x_wconf 84' lang='lat' dir='ltr'><strong>poena</strong></span> <span class='ocrx_word' id='word_1_404' title='bbox 686 5325 774 5382; x_wconf 83' lang='lat' dir='ltr'><strong>lutura</strong></span> <span class='ocrx_word' id='word_1_405' title='bbox 789 5325 915 5396; x_wconf 84' lang='lat' dir='ltr'><strong>propbeta</strong></span> <span class='ocrx_word' id='word_1_406' title='bbox 936 5336 1147 5378; x_wconf 85' lang='lat' dir='ltr'><strong>commemorans</strong></span> <span class='ocrx_word' id='word_1_407' title='bbox 1161 5321 1194 5374; x_wconf 88' lang='lat' dir='ltr'><strong>ait</strong></span> <span class='ocrx_word' id='word_1_408' title='bbox 1218 5339 1225 5375; x_wconf 91' lang='lat'>:</span> <span class='ocrx_word' id='word_1_409' title='bbox 1245 5319 1372 5375; x_wconf 81' lang='lat' dir='ltr'><strong>Contritur</strong></span> 
     </span>
     <span class='ocr_line' id='line_1_52' title="bbox 586 5411 1371 5487; baseline -0.011 -13"><span class='ocrx_word' id='word_1_410' title='bbox 586 5430 622 5474; x_wconf 82' lang='lat' dir='ltr'><strong>est</strong></span> <span class='ocrx_word' id='word_1_411' title='bbox 638 5416 742 5474; x_wconf 82' lang='lat' dir='ltr'><strong>malleus</strong></span> <span class='ocrx_word' id='word_1_412' title='bbox 761 5417 883 5471; x_wconf 75' lang='lat' dir='ltr'><strong>arrianae</strong></span> <span class='ocrx_word' id='word_1_413' title='bbox 901 5424 972 5469; x_wconf 83' lang='lat' dir='ltr'><strong>terroe</strong></span> <span class='ocrx_word' id='word_1_414' title='bbox 991 5413 1103 5487; x_wconf 75' lang='lat' dir='ltr'><strong>(derexit.</strong></span> <span class='ocrx_word' id='word_1_415' title='bbox 1125 5429 1157 5471; x_wconf 90' lang='grc' dir='ltr'><strong>ι..</strong></span> <span class='ocrx_word' id='word_1_416' title='bbox 1171 5411 1227 5481; x_wconf 69' lang='grc'><strong>93).</strong></span> <span class='ocrx_word' id='word_1_417' title='bbox 1249 5411 1371 5466; x_wconf 81' lang='lat' dir='ltr'><strong>ilallcum</strong></span> 
     </span>
     <span class='ocr_line' id='line_1_53' title="bbox 587 5500 1372 5572; baseline -0.014 -8"><span class='ocrx_word' id='word_1_418' title='bbox 587 5513 718 5565; x_wconf 79' lang='lat' dir='ltr'><strong>tnriversae</strong></span> <span class='ocrx_word' id='word_1_419' title='bbox 739 5517 835 5571; x_wconf 74' lang='lat' dir='ltr'><strong>tetrae,</strong></span> <span class='ocrx_word' id='word_1_420' title='bbox 857 5505 990 5559; x_wconf 88' lang='lat' dir='ltr'><strong>diabolum</strong></span> <span class='ocrx_word' id='word_1_421' title='bbox 1012 5503 1094 5557; x_wconf 89' lang='lat' dir='ltr'><strong>voluit</strong></span> <span class='ocrx_word' id='word_1_422' title='bbox 1116 5500 1292 5572; x_wconf 79' lang='lat' dir='ltr'><strong>intelligilis</strong></span> <span class='ocrx_word' id='word_1_423' title='bbox 1314 5502 1372 5570; x_wconf 90' lang='lat' dir='ltr'><strong>ipso</strong></span> 
     </span>
     <span class='ocr_line' id='line_1_54' title="bbox 587 5594 1370 5667; baseline -0.009 -11"><span class='ocrx_word' id='word_1_424' title='bbox 587 5601 722 5657; x_wconf 83' lang='lat' dir='ltr'><strong>rrtasseo‘in</strong></span> <span class='ocrx_word' id='word_1_425' title='bbox 743 5615 821 5653; x_wconf 90' lang='lat' dir='ltr'><strong>mauu</strong></span> <span class='ocrx_word' id='word_1_426' title='bbox 834 5598 881 5652; x_wconf 83' lang='lat' dir='ltr'><strong>liei</strong></span> <span class='ocrx_word' id='word_1_427' title='bbox 904 5597 999 5667; x_wconf 90' lang='lat' dir='ltr'><strong>posito,</strong></span> <span class='ocrx_word' id='word_1_428' title='bbox 1018 5594 1044 5651; x_wconf 93' lang='lat' dir='ltr'><strong>id</strong></span> <span class='ocrx_word' id='word_1_429' title='bbox 1058 5605 1099 5651; x_wconf 86' lang='lat' dir='ltr'><strong>est</strong></span> <span class='ocrx_word' id='word_1_430' title='bbox 1110 5596 1146 5651; x_wconf 84' lang='lat' dir='ltr'><strong>&#39;in</strong></span> <span class='ocrx_word' id='word_1_431' title='bbox 1166 5604 1294 5667; x_wconf 80' lang='lat' dir='ltr'><strong>potestate</strong></span> <span class='ocrx_word' id='word_1_432' title='bbox 1307 5595 1370 5660; x_wconf 85' lang='lat' dir='ltr'><strong>Dei,</strong></span> 
     </span>
     <span class='ocr_line' id='line_1_55' title="bbox 532 5685 1371 5754; baseline -0.002 -13"><span class='ocrx_word' id='word_1_433' title='bbox 532 5736 535 5741; x_wconf 85' lang='lat'>.</span> <span class='ocrx_word' id='word_1_434' title='bbox 588 5691 734 5746; x_wconf 90' lang='lat' dir='ltr'><strong>tunduntur</strong></span> <span class='ocrx_word' id='word_1_435' title='bbox 745 5689 858 5746; x_wconf 89' lang='lat' dir='ltr'><strong>ductiles</strong></span> <span class='ocrx_word' id='word_1_436' title='bbox 873 5688 951 5754; x_wconf 77' lang='lat' dir='ltr'><strong>tuba,</strong></span> <span class='ocrx_word' id='word_1_437' title='bbox 965 5698 993 5740; x_wconf 90' lang='lat' dir='ltr'><strong>nt</strong></span> <span class='ocrx_word' id='word_1_438' title='bbox 1005 5696 1129 5741; x_wconf 89' lang='lat' dir='ltr'><strong>resonent</strong></span> <span class='ocrx_word' id='word_1_439' title='bbox 1143 5686 1234 5742; x_wconf 89' lang='lat' dir='ltr'><strong>laudes</strong></span> <span class='ocrx_word' id='word_1_440' title='bbox 1252 5685 1307 5741; x_wconf 84' lang='lat' dir='ltr'><strong>Dei.</strong></span> <span class='ocrx_word' id='word_1_441' title='bbox 1322 5685 1371 5739; x_wconf 84' lang='lat' dir='ltr'><strong>tlt·</strong></span> 
     </span>
     <span class='ocr_line' id='line_1_56' title="bbox 589 5773 1372 5852; baseline -0.006 -16"><span class='ocrx_word' id='word_1_442' title='bbox 589 5780 650 5836; x_wconf 87' lang='lat' dir='ltr'><strong>dete</strong></span> <span class='ocrx_word' id='word_1_443' title='bbox 663 5779 882 5852; x_wconf 85' lang='lat' dir='ltr'><strong>quemadmodum</strong></span> <span class='ocrx_word' id='word_1_444' title='bbox 896 5775 1000 5850; x_wconf 89' lang='lat' dir='ltr'><strong>(audeo</strong></span> <span class='ocrx_word' id='word_1_445' title='bbox 1020 5776 1116 5839; x_wconf 89' lang='lat' dir='ltr'><strong>dicere,</strong></span> <span class='ocrx_word' id='word_1_446' title='bbox 1138 5775 1231 5830; x_wconf 86' lang='lat' dir='ltr'><strong>iratres</strong></span> <span class='ocrx_word' id='word_1_447' title='bbox 1244 5775 1294 5830; x_wconf 88' lang='lat' dir='ltr'><strong>mei</strong></span> <span class='ocrx_word' id='word_1_448' title='bbox 1306 5773 1326 5848; x_wconf 89' lang='lat'><strong>,)</strong></span> <span class='ocrx_word' id='word_1_449' title='bbox 1337 5775 1372 5832; x_wconf 89' lang='lat' dir='ltr'><strong>de</strong></span> 
     </span>
     <span class='ocr_line' id='line_1_57' title="bbox 586 5867 1371 5939; baseline -0.009 -13"><span class='ocrx_word' id='word_1_450' title='bbox 586 5871 639 5927; x_wconf 89' lang='lat' dir='ltr'><strong>isto</strong></span> <span class='ocrx_word' id='word_1_451' title='bbox 649 5872 745 5928; x_wconf 86' lang='lat' dir='ltr'><strong>rnalleo</strong></span> <span class='ocrx_word' id='word_1_452' title='bbox 759 5873 837 5928; x_wconf 89' lang='lat' dir='ltr'><strong>etlam</strong></span> <span class='ocrx_word' id='word_1_453' title='bbox 852 5868 993 5939; x_wconf 76' lang='lat' dir='ltr'><strong>Apostolus</strong></span> <span class='ocrx_word' id='word_1_454' title='bbox 1011 5867 1186 5923; x_wconf 88' lang='lat' dir='ltr'><strong>tundebatur:</strong></span> <span class='ocrx_word' id='word_1_455' title='bbox 1202 5867 1233 5921; x_wconf 88' lang='lat' dir='ltr'><strong>la</strong></span> <span class='ocrx_word' id='word_1_456' title='bbox 1246 5867 1371 5938; x_wconf 77' lang='lat' dir='ltr'><strong>maprritn·</strong></span> 
     </span>
     <span class='ocr_line' id='line_1_58' title="bbox 586 5957 1370 6035; baseline -0.01 -18"><span class='ocrx_word' id='word_1_457' title='bbox 586 5965 663 6029; x_wconf 76' lang='lat' dir='ltr'><strong>tine,</strong></span> <span class='ocrx_word' id='word_1_458' title='bbox 675 5963 781 6035; x_wconf 83' lang='lat' dir='ltr'><strong>iuquit,</strong></span> <span class='ocrx_word' id='word_1_459' title='bbox 795 5962 974 6018; x_wconf 75' lang='lat' dir='ltr'><strong>rmelationunt</strong></span> <span class='ocrx_word' id='word_1_460' title='bbox 989 5977 1020 6015; x_wconf 85' lang='lat' dir='ltr'><strong>ne</strong></span> <span class='ocrx_word' id='word_1_461' title='bbox 1040 5958 1157 6024; x_wconf 69' lang='lat' dir='ltr'><strong>aretur,</strong></span> <span class='ocrx_word' id='word_1_462' title='bbox 1172 5961 1245 6013; x_wconf 79' lang='lat' dir='ltr'><strong>datar</strong></span> <span class='ocrx_word' id='word_1_463' title='bbox 1259 5969 1295 6013; x_wconf 83' lang='lat' dir='ltr'><strong>ert</strong></span> <span class='ocrx_word' id='word_1_464' title='bbox 1308 5957 1370 6011; x_wconf 81' lang='lat' dir='ltr'><strong>neilri</strong></span> 
     </span>
     <span class='ocr_line' id='line_1_59' title="bbox 586 6049 1368 6124; baseline -0.008 -14"><span class='ocrx_word' id='word_1_465' title='bbox 586 6053 703 6110; x_wconf 69' lang='lat' dir='ltr'><strong>uiarum</strong></span> <span class='ocrx_word' id='word_1_466' title='bbox 715 6054 798 6108; x_wconf 79' lang='lat' dir='ltr'><strong>emnia</strong></span> <span class='ocrx_word' id='word_1_467' title='bbox 807 6069 871 6108; x_wconf 84' lang='lat' dir='ltr'><strong>mroe</strong></span> <span class='ocrx_word' id='word_1_468' title='bbox 882 6053 987 6124; x_wconf 70' lang='lat' dir='ltr'><strong>copelata</strong></span> <span class='ocrx_word' id='word_1_469' title='bbox 998 6060 1103 6116; x_wconf 78' lang='lat' dir='ltr'><strong>tatone,</strong></span> <span class='ocrx_word' id='word_1_470' title='bbox 1116 6051 1158 6122; x_wconf 79' lang='lat' dir='ltr'><strong>qui</strong></span> <span class='ocrx_word' id='word_1_471' title='bbox 1173 6049 1368 6121; x_wconf 67' lang='lat' dir='ltr'><strong>mesonpbiset.</strong></span> 
     </span>
    </p>
   </div>
   <div class='ocr_carea' id='block_1_14' title="bbox 619 6181 1279 6247">
    <p class='ocr_par' dir='ltr' id='par_1_15' title="bbox 619 6181 1279 6247">
     <span class='ocr_line' id='line_1_60' title="bbox 619 6181 1279 6247; baseline -0.008 -11"><span class='ocrx_word' id='word_1_472' title='bbox 619 6189 628 6220; x_wconf 80' lang='lat'><strong>¹</strong></span> <span class='ocrx_word' id='word_1_473' title='bbox 642 6186 680 6236; x_wconf 84' lang='lat' dir='ltr'><strong>sic</strong></span> <span class='ocrx_word' id='word_1_474' title='bbox 691 6191 861 6247; x_wconf 66' lang='lat' dir='ltr'><strong>potuertis.</strong></span> <span class='ocrx_word' id='word_1_475' title='bbox 871 6183 1052 6246; x_wconf 63' lang='lat' dir='ltr'><strong>aliantmleum.</strong></span> <span class='ocrx_word' id='word_1_476' title='bbox 1062 6182 1163 6244; x_wconf 71' lang='lat' dir='ltr'><strong>arnol..</strong></span> <span class='ocrx_word' id='word_1_477' title='bbox 1174 6181 1279 6234; x_wconf 72' lang='lat' dir='ltr'><strong>medea.</strong></span> 
     </span>
    </p>
   </div>
   <div class='ocr_carea' id='block_1_15' title="bbox 1158 703 1597 799">
    <p class='ocr_par' dir='ltr' id='par_1_16' title="bbox 1158 703 1597 799">
     <span class='ocr_line' id='line_1_61' title="bbox 1158 703 1597 799; baseline -0.014 0"><span class='ocrx_word' id='word_1_478' title='bbox 1158 703 1160 706; x_wconf 41' lang='grc'>’</span> <span class='ocrx_word' id='word_1_479' title='bbox 1201 739 1429 799; x_wconf 68' lang='lat' dir='ltr'><strong>saueusnnt</strong></span> <span class='ocrx_word' id='word_1_480' title='bbox 1448 740 1597 796; x_wconf 70' lang='lat' dir='ltr'><strong>et‘tscutu</strong></span> 
     </span>
    </p>
   </div>
   <div class='ocr_carea' id='block_1_16' title="bbox 2138 744 2209 803">
    <p class='ocr_par' dir='ltr' id='par_1_17' title="bbox 2138 744 2209 803">
     <span class='ocr_line' id='line_1_62' title="bbox 2138 744 2209 803; baseline 0.014 -1"><span class='ocrx_word' id='word_1_481' title='bbox 2138 744 2209 803; x_wconf 70' lang='lat' dir='ltr'><strong>{25ss</strong></span> 
     </span>
    </p>
   </div>
   <div class='ocr_carea' id='block_1_17' title="bbox 1422 858 2269 6036">
    <p class='ocr_par' dir='ltr' id='par_1_18' title="bbox 1422 858 2269 6036">
     <span class='ocr_line' id='line_1_63' title="bbox 1426 858 2210 930; baseline 0.017 -18"><span class='ocrx_word' id='word_1_482' title='bbox 1426 858 1493 912; x_wconf 81' lang='lat' dir='ltr'><strong>Eece</strong></span> <span class='ocrx_word' id='word_1_483' title='bbox 1507 859 1639 922; x_wconf 86' lang='lat' dir='ltr'><strong>tunditur;</strong></span> <span class='ocrx_word' id='word_1_484' title='bbox 1653 859 1786 914; x_wconf 87' lang='lat' dir='ltr'><strong>videamus</strong></span> <span class='ocrx_word' id='word_1_485' title='bbox 1797 859 2018 930; x_wconf 81' lang='lat' dir='ltr'><strong>quemadmodum</strong></span> <span class='ocrx_word' id='word_1_486' title='bbox 2032 874 2107 920; x_wconf 91' lang='lat' dir='ltr'><strong>sonet</strong></span> <span class='ocrx_word' id='word_1_487' title='bbox 2121 884 2127 919; x_wconf 95' lang='lat'>:</span> <span class='ocrx_word' id='word_1_488' title='bbox 2144 866 2210 925; x_wconf 78' lang='lat' dir='ltr'><strong>Pro·</strong></span> 
     </span>
     <span class='ocr_line' id='line_1_64' title="bbox 1425 946 2210 1026; baseline 0.015 -28"><span class='ocrx_word' id='word_1_489' title='bbox 1425 957 1478 1016; x_wconf 83' lang='lat' dir='ltr'><strong>pter</strong></span> <span class='ocrx_word' id='word_1_490' title='bbox 1491 946 1569 1017; x_wconf 76' lang='lat' dir='ltr'><strong>pared,</strong></span> <span class='ocrx_word' id='word_1_491' title='bbox 1582 949 1681 1018; x_wconf 85' lang='lat' dir='ltr'><strong>iuquit,</strong></span> <span class='ocrx_word' id='word_1_492' title='bbox 1693 958 1729 1003; x_wconf 86' lang='lat' dir='ltr'><strong>ter</strong></span> <span class='ocrx_word' id='word_1_493' title='bbox 1741 946 1875 1003; x_wconf 76' lang='lat' dir='ltr'><strong>bominum</strong></span> <span class='ocrx_word' id='word_1_494' title='bbox 1884 953 1979 1022; x_wconf 76' lang='lat' dir='ltr'><strong>reperi,</strong></span> <span class='ocrx_word' id='word_1_495' title='bbox 1991 964 2018 1006; x_wconf 87' lang='lat' dir='ltr'><strong>ut</strong></span> <span class='ocrx_word' id='word_1_496' title='bbox 2030 955 2141 1026; x_wconf 66' lang='lat' dir='ltr'><strong>auferret</strong></span> <span class='ocrx_word' id='word_1_497' title='bbox 2151 974 2210 1013; x_wconf 80' lang='lat' dir='ltr'><strong>earn</strong></span> 
     </span>
     <span class='ocr_line' id='line_1_65' title="bbox 1423 1037 2212 1112; baseline 0.015 -25"><span class='ocrx_word' id='word_1_498' title='bbox 1423 1053 1439 1087; x_wconf 88' lang='grc' dir='ltr'><strong>ιι</strong></span> <span class='ocrx_word' id='word_1_499' title='bbox 1451 1051 1500 1100; x_wconf 88' lang='lat' dir='ltr'><strong>me,·</strong></span> <span class='ocrx_word' id='word_1_500' title='bbox 1512 1046 1534 1089; x_wconf 84' lang='lat' dir='ltr'><strong>et</strong></span> <span class='ocrx_word' id='word_1_501' title='bbox 1551 1037 1614 1091; x_wconf 72' lang='lat' dir='ltr'><strong>dicit</strong></span> <span class='ocrx_word' id='word_1_502' title='bbox 1627 1038 1697 1102; x_wconf 74' lang='lat' dir='ltr'><strong>adiri,</strong></span> <span class='ocrx_word' id='word_1_503' title='bbox 1710 1038 1808 1110; x_wconf 75' lang='lat' dir='ltr'><strong>Sufficit</strong></span> <span class='ocrx_word' id='word_1_504' title='bbox 1823 1041 1866 1095; x_wconf 88' lang='lat' dir='ltr'><strong>tibi</strong></span> <span class='ocrx_word' id='word_1_505' title='bbox 1880 1043 1961 1112; x_wconf 76' lang='lat' dir='ltr'><strong>pratia</strong></span> <span class='ocrx_word' id='word_1_506' title='bbox 1974 1061 2048 1108; x_wconf 75' lang='lat' dir='ltr'><strong>oreo:</strong></span> <span class='ocrx_word' id='word_1_507' title='bbox 2063 1064 2121 1100; x_wconf 82' lang='lat' dir='ltr'><strong>narn</strong></span> <span class='ocrx_word' id='word_1_508' title='bbox 2134 1050 2212 1102; x_wconf 84' lang='lat' dir='ltr'><strong>cirins</strong></span> 
     </span>
     <span class='ocr_line' id='line_1_66' title="bbox 1424 1129 2212 1207; baseline 0.016 -26"><span class='ocrx_word' id='word_1_509' title='bbox 1424 1129 1450 1182; x_wconf 89' lang='lat' dir='ltr'><strong>in</strong></span> <span class='ocrx_word' id='word_1_510' title='bbox 1464 1130 1611 1198; x_wconf 76' lang='lat' dir='ltr'><strong>infirmitate</strong></span> <span class='ocrx_word' id='word_1_511' title='bbox 1624 1132 1763 1202; x_wconf 75' lang='lat' dir='ltr'><strong>perficitor.</strong></span> <span class='ocrx_word' id='word_1_512' title='bbox 1780 1133 1833 1204; x_wconf 78' lang='lat' dir='ltr'><strong>Ego</strong></span> <span class='ocrx_word' id='word_1_513' title='bbox 1846 1135 1934 1189; x_wconf 89' lang='lat' dir='ltr'><strong>tubam</strong></span> <span class='ocrx_word' id='word_1_514' title='bbox 1947 1178 1954 1201; x_wconf 92' lang='lat'><strong>,</strong></span> <span class='ocrx_word' id='word_1_515' title='bbox 1969 1135 2054 1207; x_wconf 87' lang='lat' dir='ltr'><strong>ittqnit</strong></span> <span class='ocrx_word' id='word_1_516' title='bbox 2067 1139 2111 1194; x_wconf 86' lang='lat' dir='ltr'><strong>ille</strong></span> <span class='ocrx_word' id='word_1_517' title='bbox 2132 1139 2212 1195; x_wconf 85' lang='lat' dir='ltr'><strong>labri-</strong></span> 
     </span>
     <span class='ocr_line' id='line_1_67' title="bbox 1424 1221 2214 1294; baseline 0.016 -23"><span class='ocrx_word' id='word_1_518' title='bbox 1424 1227 1509 1287; x_wconf 87' lang='lat' dir='ltr'><strong>calor,</strong></span> <span class='ocrx_word' id='word_1_519' title='bbox 1525 1221 1654 1291; x_wconf 85' lang='lat' dir='ltr'><strong>perlicere</strong></span> <span class='ocrx_word' id='word_1_520' title='bbox 1666 1222 1745 1287; x_wconf 69' lang='lat' dir='ltr'><strong>volo:</strong></span> <span class='ocrx_word' id='word_1_521' title='bbox 1761 1239 1812 1278; x_wconf 90' lang='lat' dir='ltr'><strong>non</strong></span> <span class='ocrx_word' id='word_1_522' title='bbox 1830 1224 1962 1294; x_wconf 83' lang='lat' dir='ltr'><strong>periciam</strong></span> <span class='ocrx_word' id='word_1_523' title='bbox 1977 1228 2027 1282; x_wconf 89' lang='lat' dir='ltr'><strong>nisi</strong></span> <span class='ocrx_word' id='word_1_524' title='bbox 2042 1229 2149 1283; x_wconf 84' lang='lat' dir='ltr'><strong>tundmn</strong></span> <span class='ocrx_word' id='word_1_525' title='bbox 2165 1249 2173 1285; x_wconf 91' lang='lat'>:</span> <span class='ocrx_word' id='word_1_526' title='bbox 2187 1233 2214 1284; x_wconf 87' lang='lat' dir='ltr'><strong>in</strong></span> 
     </span>
     <span class='ocr_line' id='line_1_68' title="bbox 1424 1304 2212 1387; baseline 0.014 -24"><span class='ocrx_word' id='word_1_527' title='bbox 1424 1310 1570 1380; x_wconf 72' lang='lat' dir='ltr'><strong>infirmitate</strong></span> <span class='ocrx_word' id='word_1_528' title='bbox 1583 1313 1660 1366; x_wconf 83' lang='lat' dir='ltr'><strong>virtus</strong></span> <span class='ocrx_word' id='word_1_529' title='bbox 1674 1314 1812 1383; x_wconf 80' lang='lat' dir='ltr'><strong>perficitur.</strong></span> <span class='ocrx_word' id='word_1_530' title='bbox 1826 1316 1859 1368; x_wconf 87' lang='lat' dir='ltr'><strong>Et</strong></span> <span class='ocrx_word' id='word_1_531' title='bbox 1877 1315 1938 1370; x_wconf 90' lang='lat' dir='ltr'><strong>audi</strong></span> <span class='ocrx_word' id='word_1_532' title='bbox 1951 1316 2005 1386; x_wconf 83' lang='lat' dir='ltr'><strong>jam</strong></span> <span class='ocrx_word' id='word_1_533' title='bbox 2023 1304 2105 1387; x_wconf 85' lang='lat' dir='ltr'><strong>ipsam</strong></span> <span class='ocrx_word' id='word_1_534' title='bbox 2120 1321 2212 1375; x_wconf 91' lang='lat' dir='ltr'><strong>tubarn</strong></span> 
     </span>
     <span class='ocr_line' id='line_1_69' title="bbox 1424 1400 2214 1482; baseline 0.015 -27"><span class='ocrx_word' id='word_1_535' title='bbox 1424 1400 1547 1458; x_wconf 87' lang='lat' dir='ltr'><strong>ductilem</strong></span> <span class='ocrx_word' id='word_1_536' title='bbox 1558 1404 1772 1461; x_wconf 86' lang='lat' dir='ltr'><strong>benesonantem</strong></span> <span class='ocrx_word' id='word_1_537' title='bbox 1786 1426 1792 1460; x_wconf 80' lang='lat' dir='ltr'><strong><em>z</em></strong></span> <span class='ocrx_word' id='word_1_538' title='bbox 1806 1407 2045 1478; x_wconf 74' lang='lat' dir='ltr'><strong>Quandoinpirotor,</strong></span> <span class='ocrx_word' id='word_1_539' title='bbox 2054 1421 2113 1464; x_wconf 83' lang='lat' dir='ltr'><strong>tnnc</strong></span> <span class='ocrx_word' id='word_1_540' title='bbox 2125 1420 2214 1482; x_wconf 77' lang='lat' dir='ltr'><strong>polens</strong></span> 
     </span>
     <span class='ocr_line' id='line_1_70' title="bbox 1424 1495 2213 1574; baseline 0.014 -26"><span class='ocrx_word' id='word_1_541' title='bbox 1424 1510 1480 1548; x_wconf 87' lang='lat' dir='ltr'><strong>tum</strong></span> <span class='ocrx_word' id='word_1_542' title='bbox 1500 1495 1540 1567; x_wconf 74' lang='lat' dir='ltr'><strong>(ll</strong></span> <span class='ocrx_word' id='word_1_543' title='bbox 1553 1496 1611 1550; x_wconf 82' lang='lat' dir='ltr'><strong>Cor.</strong></span> <span class='ocrx_word' id='word_1_544' title='bbox 1634 1513 1681 1564; x_wconf 89' lang='lat' dir='ltr'><strong>xn,</strong></span> <span class='ocrx_word' id='word_1_545' title='bbox 1697 1495 1782 1570; x_wconf 85' lang='lat' dir='ltr'><strong>t-ttt).</strong></span> <span class='ocrx_word' id='word_1_546' title='bbox 1801 1499 1833 1552; x_wconf 81' lang='lat' dir='ltr'><strong>El</strong></span> <span class='ocrx_word' id='word_1_547' title='bbox 1852 1501 1906 1569; x_wconf 88' lang='lat' dir='ltr'><strong>ipse</strong></span> <span class='ocrx_word' id='word_1_548' title='bbox 1919 1500 2070 1569; x_wconf 82' lang='lat' dir='ltr'><strong>lipestolns,</strong></span> <span class='ocrx_word' id='word_1_549' title='bbox 2087 1511 2213 1574; x_wconf 81' lang='lat' dir='ltr'><strong>tanqrranr</strong></span> 
     </span>
     <span class='ocr_line' id='line_1_71' title="bbox 1424 1586 2213 1666; baseline 0.016 -28"><span class='ocrx_word' id='word_1_550' title='bbox 1424 1587 1558 1653; x_wconf 89' lang='lat' dir='ltr'><strong>apostolus</strong></span> <span class='ocrx_word' id='word_1_551' title='bbox 1570 1586 1674 1643; x_wconf 78' lang='lat' dir='ltr'><strong>haerens</strong></span> <span class='ocrx_word' id='word_1_552' title='bbox 1687 1588 1804 1656; x_wconf 80' lang='lat' dir='ltr'><strong>Christo,</strong></span> <span class='ocrx_word' id='word_1_553' title='bbox 1819 1590 1923 1646; x_wconf 76' lang='lat' dir='ltr'><strong>bareas</strong></span> <span class='ocrx_word' id='word_1_554' title='bbox 1934 1591 1971 1646; x_wconf 90' lang='lat' dir='ltr'><strong>iili</strong></span> <span class='ocrx_word' id='word_1_555' title='bbox 1985 1592 2102 1648; x_wconf 77' lang='lat' dir='ltr'><strong>dextera</strong></span> <span class='ocrx_word' id='word_1_556' title='bbox 2114 1596 2148 1651; x_wconf 88' lang='lat' dir='ltr'><strong>de</strong></span> <span class='ocrx_word' id='word_1_557' title='bbox 2161 1612 2213 1666; x_wconf 88' lang='lat' dir='ltr'><strong>qua</strong></span> 
     </span>
     <span class='ocr_line' id='line_1_72' title="bbox 1424 1678 2213 1760; baseline 0.013 -29"><span class='ocrx_word' id='word_1_558' title='bbox 1424 1685 1528 1732; x_wconf 88' lang='lat' dir='ltr'><strong>tenetur</strong></span> <span class='ocrx_word' id='word_1_559' title='bbox 1550 1678 1660 1734; x_wconf 89' lang='lat' dir='ltr'><strong>malleus</strong></span> <span class='ocrx_word' id='word_1_560' title='bbox 1674 1689 1704 1735; x_wconf 89' lang='lat' dir='ltr'><strong>ut</strong></span> <span class='ocrx_word' id='word_1_561' title='bbox 1717 1680 1844 1760; x_wconf 76' lang='lat' dir='ltr'><strong>producat</strong></span> <span class='ocrx_word' id='word_1_562' title='bbox 1867 1682 1975 1750; x_wconf 82' lang='lat' dir='ltr'><strong>tulraru,</strong></span> <span class='ocrx_word' id='word_1_563' title='bbox 1991 1684 2017 1738; x_wconf 93' lang='lat' dir='ltr'><strong>in</strong></span> <span class='ocrx_word' id='word_1_564' title='bbox 2037 1685 2080 1738; x_wconf 88' lang='lat' dir='ltr'><strong>illa</strong></span> <span class='ocrx_word' id='word_1_565' title='bbox 2102 1685 2213 1742; x_wconf 84' lang='lat' dir='ltr'><strong>dextera</strong></span> 
     </span>
     <span class='ocr_line' id='line_1_73' title="bbox 1424 1766 2212 1846; baseline 0.016 -27"><span class='ocrx_word' id='word_1_566' title='bbox 1424 1766 1525 1836; x_wconf 91' lang='lat' dir='ltr'><strong>positus</strong></span> <span class='ocrx_word' id='word_1_567' title='bbox 1539 1766 1601 1822; x_wconf 85' lang='lat' dir='ltr'><strong>lacit</strong></span> <span class='ocrx_word' id='word_1_568' title='bbox 1614 1778 1640 1823; x_wconf 88' lang='lat' dir='ltr'><strong>et</strong></span> <span class='ocrx_word' id='word_1_569' title='bbox 1655 1770 1711 1838; x_wconf 87' lang='lat' dir='ltr'><strong>ipse</strong></span> <span class='ocrx_word' id='word_1_570' title='bbox 1730 1769 1763 1826; x_wconf 91' lang='lat' dir='ltr'><strong>de</strong></span> <span class='ocrx_word' id='word_1_571' title='bbox 1783 1770 1841 1841; x_wconf 85' lang='lat' dir='ltr'><strong>ipse</strong></span> <span class='ocrx_word' id='word_1_572' title='bbox 1853 1773 1963 1836; x_wconf 68' lang='lat' dir='ltr'><strong>mallem</strong></span> <span class='ocrx_word' id='word_1_573' title='bbox 1979 1772 2042 1828; x_wconf 88' lang='lat' dir='ltr'><strong>dicit</strong></span> <span class='ocrx_word' id='word_1_574' title='bbox 2055 1773 2087 1830; x_wconf 84' lang='lat' dir='ltr'><strong>rle</strong></span> <span class='ocrx_word' id='word_1_575' title='bbox 2101 1777 2212 1846; x_wconf 81' lang='lat' dir='ltr'><strong>qrrilnrs-</strong></span> 
     </span>
     <span class='ocr_line' id='line_1_74' title="bbox 1423 1855 2215 1934; baseline 0.015 -23"><span class='ocrx_word' id='word_1_576' title='bbox 1423 1855 1496 1922; x_wconf 87' lang='lat' dir='ltr'><strong>dam,</strong></span> <span class='ocrx_word' id='word_1_577' title='bbox 1512 1857 1582 1922; x_wconf 84' lang='lat' dir='ltr'><strong>Quor</strong></span> <span class='ocrx_word' id='word_1_578' title='bbox 1596 1861 1692 1913; x_wconf 84' lang='lat' dir='ltr'><strong>tradidi</strong></span> <span class='ocrx_word' id='word_1_579' title='bbox 1704 1869 1810 1925; x_wconf 83' lang='lat' dir='ltr'><strong>raterroe,</strong></span> <span class='ocrx_word' id='word_1_580' title='bbox 1827 1870 1853 1913; x_wconf 86' lang='lat' dir='ltr'><strong>ut</strong></span> <span class='ocrx_word' id='word_1_581' title='bbox 1865 1863 1962 1917; x_wconf 79' lang='lat' dir='ltr'><strong>diseunt</strong></span> <span class='ocrx_word' id='word_1_582' title='bbox 1974 1880 2024 1918; x_wconf 85' lang='lat' dir='ltr'><strong>nan</strong></span> <span class='ocrx_word' id='word_1_583' title='bbox 2038 1865 2215 1934; x_wconf 80' lang='lat' dir='ltr'><strong>bioaplrrntore</strong></span> 
     </span>
     <span class='ocr_line' id='line_1_75' title="bbox 1425 1947 2213 2022; baseline 0.008 -18"><span class='ocrx_word' id='word_1_584' title='bbox 1425 1947 1452 2021; x_wconf 90' lang='lat' dir='ltr'><strong>(l</strong></span> <span class='ocrx_word' id='word_1_585' title='bbox 1465 1947 1531 2003; x_wconf 79' lang='lat' dir='ltr'><strong>Tim.</strong></span> <span class='ocrx_word' id='word_1_586' title='bbox 1557 1965 1575 2015; x_wconf 92' lang='lat' dir='ltr'><strong>t,</strong></span> <span class='ocrx_word' id='word_1_587' title='bbox 1591 1949 1649 2022; x_wconf 74' lang='lat'><strong>20).</strong></span> <span class='ocrx_word' id='word_1_588' title='bbox 1665 1951 1784 2006; x_wconf 89' lang='lat' dir='ltr'><strong>Tradidit</strong></span> <span class='ocrx_word' id='word_1_589' title='bbox 1799 1952 1893 2007; x_wconf 91' lang='lat' dir='ltr'><strong>malleo</strong></span> <span class='ocrx_word' id='word_1_590' title='bbox 1908 1951 2067 2009; x_wconf 90' lang='lat' dir='ltr'><strong>tundendos.</strong></span> <span class='ocrx_word' id='word_1_591' title='bbox 2083 1956 2151 2012; x_wconf 86' lang='lat' dir='ltr'><strong>llale</strong></span> <span class='ocrx_word' id='word_1_592' title='bbox 2165 1973 2213 2010; x_wconf 89' lang='lat' dir='ltr'><strong>so-</strong></span> 
     </span>
     <span class='ocr_line' id='line_1_76' title="bbox 1425 2040 2269 2117; baseline 0.017 -24"><span class='ocrx_word' id='word_1_593' title='bbox 1425 2040 1523 2095; x_wconf 88' lang='lat' dir='ltr'><strong>nabant</strong></span> <span class='ocrx_word' id='word_1_594' title='bbox 1538 2053 1679 2113; x_wconf 81' lang='lat' dir='ltr'><strong>antequam</strong></span> <span class='ocrx_word' id='word_1_595' title='bbox 1703 2043 1928 2113; x_wconf 75' lang='lat' dir='ltr'><strong>prrrtdrrcerentnr;</strong></span> <span class='ocrx_word' id='word_1_596' title='bbox 1952 2046 2021 2102; x_wconf 81' lang='lat' dir='ltr'><strong>sorte</strong></span> <span class='ocrx_word' id='word_1_597' title='bbox 2041 2047 2161 2117; x_wconf 89' lang='lat' dir='ltr'><strong>producti</strong></span> <span class='ocrx_word' id='word_1_598' title='bbox 2185 2059 2214 2106; x_wconf 86' lang='lat' dir='ltr'><strong>et</strong></span> <span class='ocrx_word' id='word_1_599' title='bbox 2265 2068 2269 2078; x_wconf 74' lang='lat'><em>¹</em></span> 
     </span>
     <span class='ocr_line' id='line_1_77' title="bbox 1424 2127 2212 2207; baseline 0.011 -20"><span class='ocrx_word' id='word_1_600' title='bbox 1424 2133 1485 2188; x_wconf 86' lang='lat' dir='ltr'><strong>lacti</strong></span> <span class='ocrx_word' id='word_1_601' title='bbox 1497 2136 1566 2188; x_wconf 81' lang='lat' dir='ltr'><strong>tubm</strong></span> <span class='ocrx_word' id='word_1_602' title='bbox 1576 2133 1698 2200; x_wconf 91' lang='lat' dir='ltr'><strong>ductiles,</strong></span> <span class='ocrx_word' id='word_1_603' title='bbox 1712 2135 1808 2191; x_wconf 83' lang='lat' dir='ltr'><strong>:imissa</strong></span> <span class='ocrx_word' id='word_1_604' title='bbox 1818 2127 1991 2207; x_wconf 85' lang='lat' dir='ltr'><strong>blasphemia,</strong></span> <span class='ocrx_word' id='word_1_605' title='bbox 2005 2137 2095 2194; x_wconf 88' lang='lat' dir='ltr'><strong>landes</strong></span> <span class='ocrx_word' id='word_1_606' title='bbox 2107 2140 2212 2197; x_wconf 85' lang='lat' dir='ltr'><strong>borrtini</strong></span> 
     </span>
     <span class='ocr_line' id='line_1_78' title="bbox 1424 2225 2190 2289; baseline 0.007 -10"><span class='ocrx_word' id='word_1_607' title='bbox 1424 2234 1581 2281; x_wconf 82' lang='lat' dir='ltr'><strong>sentierunt.</strong></span> <span class='ocrx_word' id='word_1_608' title='bbox 1597 2225 1642 2280; x_wconf 78' lang='lat' dir='ltr'><strong>tto</strong></span> <span class='ocrx_word' id='word_1_609' title='bbox 1656 2236 1718 2280; x_wconf 89' lang='lat' dir='ltr'><strong>sunt</strong></span> <span class='ocrx_word' id='word_1_610' title='bbox 1730 2226 1798 2281; x_wconf 82' lang='lat' dir='ltr'><strong>tuine</strong></span> <span class='ocrx_word' id='word_1_611' title='bbox 1812 2227 1934 2283; x_wconf 87' lang='lat' dir='ltr'><strong>ductiles.</strong></span> <span class='ocrx_word' id='word_1_612' title='bbox 2187 2285 2190 2289; x_wconf 81' lang='grc'>,</span> 
     </span>
     <span class='ocr_line' id='line_1_79' title="bbox 1459 2305 2212 2388; baseline 0.005 -16"><span class='ocrx_word' id='word_1_613' title='bbox 1459 2316 1486 2372; x_wconf 81' lang='lat'><strong>7.</strong></span> <span class='ocrx_word' id='word_1_614' title='bbox 1507 2315 1563 2372; x_wconf 84' lang='lat' dir='ltr'><strong>liet</strong></span> <span class='ocrx_word' id='word_1_615' title='bbox 1579 2319 1648 2371; x_wconf 78' lang='lat' dir='ltr'><strong>tulna</strong></span> <span class='ocrx_word' id='word_1_616' title='bbox 1662 2332 1767 2372; x_wconf 80' lang='lat' dir='ltr'><strong>corneae</strong></span> <span class='ocrx_word' id='word_1_617' title='bbox 1776 2305 1842 2388; x_wconf 68' lang='lat' dir='ltr'><strong>&#39;orric</strong></span> <span class='ocrx_word' id='word_1_618' title='bbox 1856 2318 1916 2372; x_wconf 81' lang='lat' dir='ltr'><strong>esti</strong></span> <span class='ocrx_word' id='word_1_619' title='bbox 1928 2316 2017 2374; x_wconf 83' lang='lat' dir='ltr'><strong>Comu</strong></span> <span class='ocrx_word' id='word_1_620' title='bbox 2029 2319 2134 2376; x_wconf 80' lang='lat' dir='ltr'><strong>excedit</strong></span> <span class='ocrx_word' id='word_1_621' title='bbox 2149 2337 2212 2376; x_wconf 91' lang='lat' dir='ltr'><strong>car·</strong></span> 
     </span>
     <span class='ocr_line' id='line_1_80' title="bbox 1423 2400 2211 2482; baseline 0.008 -19"><span class='ocrx_word' id='word_1_622' title='bbox 1423 2423 1485 2465; x_wconf 90' lang='lat' dir='ltr'><strong>nem</strong></span> <span class='ocrx_word' id='word_1_623' title='bbox 1500 2427 1507 2462; x_wconf 90' lang='lat'><strong>:</strong></span> <span class='ocrx_word' id='word_1_624' title='bbox 1523 2424 1633 2465; x_wconf 86' lang='lat' dir='ltr'><strong>necesse</strong></span> <span class='ocrx_word' id='word_1_625' title='bbox 1652 2420 1693 2465; x_wconf 90' lang='lat' dir='ltr'><strong>est</strong></span> <span class='ocrx_word' id='word_1_626' title='bbox 1712 2400 1741 2464; x_wconf 80' lang='lat' dir='ltr'><strong>itt</strong></span> <span class='ocrx_word' id='word_1_627' title='bbox 1755 2426 1861 2465; x_wconf 86' lang='lat' dir='ltr'><strong>carnem</strong></span> <span class='ocrx_word' id='word_1_628' title='bbox 1883 2412 2033 2482; x_wconf 88' lang='lat' dir='ltr'><strong>superando</strong></span> <span class='ocrx_word' id='word_1_629' title='bbox 2054 2413 2086 2468; x_wconf 92' lang='lat' dir='ltr'><strong>sit</strong></span> <span class='ocrx_word' id='word_1_630' title='bbox 2105 2413 2211 2469; x_wconf 81' lang='lat' dir='ltr'><strong>imaum</strong></span> 
     </span>
     <span class='ocr_line' id='line_1_81' title="bbox 1423 2499 2212 2574; baseline 0.006 -19"><span class='ocrx_word' id='word_1_631' title='bbox 1423 2499 1458 2555; x_wconf 82' lang='lat' dir='ltr'><strong>ad</strong></span> <span class='ocrx_word' id='word_1_632' title='bbox 1480 2501 1686 2570; x_wconf 90' lang='lat' dir='ltr'><strong>perdurandum,</strong></span> <span class='ocrx_word' id='word_1_633' title='bbox 1709 2513 1735 2557; x_wconf 90' lang='lat' dir='ltr'><strong>et</strong></span> <span class='ocrx_word' id='word_1_634' title='bbox 1758 2517 1840 2574; x_wconf 89' lang='lat' dir='ltr'><strong>capax</strong></span> <span class='ocrx_word' id='word_1_635' title='bbox 1863 2502 1945 2558; x_wconf 89' lang='lat' dir='ltr'><strong>vocis.</strong></span> <span class='ocrx_word' id='word_1_636' title='bbox 1967 2502 2018 2560; x_wconf 86' lang='lat' dir='ltr'><strong>Sed</strong></span> <span class='ocrx_word' id='word_1_637' title='bbox 2042 2504 2112 2559; x_wconf 91' lang='lat' dir='ltr'><strong>unde</strong></span> <span class='ocrx_word' id='word_1_638' title='bbox 2138 2505 2212 2560; x_wconf 77' lang='lat' dir='ltr'><strong>lroci</strong></span> 
     </span>
     <span class='ocr_line' id='line_1_82' title="bbox 1423 2593 2210 2662; baseline 0.006 -14"><span class='ocrx_word' id='word_1_639' title='bbox 1423 2593 1489 2660; x_wconf 88' lang='lat' dir='ltr'><strong>Quia</strong></span> <span class='ocrx_word' id='word_1_640' title='bbox 1503 2608 1610 2648; x_wconf 89' lang='lat' dir='ltr'><strong>carnem</strong></span> <span class='ocrx_word' id='word_1_641' title='bbox 1633 2595 1776 2662; x_wconf 87' lang='lat' dir='ltr'><strong>superavit.</strong></span> <span class='ocrx_word' id='word_1_642' title='bbox 1800 2593 1848 2660; x_wconf 90' lang='lat' dir='ltr'><strong>Qui</strong></span> <span class='ocrx_word' id='word_1_643' title='bbox 1871 2595 1999 2649; x_wconf 88' lang='lat' dir='ltr'><strong>rultesse</strong></span> <span class='ocrx_word' id='word_1_644' title='bbox 2023 2595 2085 2651; x_wconf 82' lang='lat' dir='ltr'><strong>tuba</strong></span> <span class='ocrx_word' id='word_1_645' title='bbox 2100 2611 2210 2661; x_wconf 83' lang='lat' dir='ltr'><strong>cortica,</strong></span> 
     </span>
     <span class='ocr_line' id='line_1_83' title="bbox 1423 2684 2211 2756; baseline 0.005 -16"><span class='ocrx_word' id='word_1_646' title='bbox 1423 2693 1658 2756; x_wconf 86' lang='lat' dir='ltr'><strong>superet&#39;earnem.</strong></span> <span class='ocrx_word' id='word_1_647' title='bbox 1667 2684 1734 2753; x_wconf 83' lang='lat' dir='ltr'><strong>Quid</strong></span> <span class='ocrx_word' id='word_1_648' title='bbox 1745 2693 1796 2747; x_wconf 85' lang='lat' dir='ltr'><strong>est,</strong></span> <span class='ocrx_word' id='word_1_649' title='bbox 1808 2695 1914 2756; x_wconf 87' lang='lat' dir='ltr'><strong>saperet</strong></span> <span class='ocrx_word' id='word_1_650' title='bbox 1922 2687 2047 2743; x_wconf 80' lang='lat' dir='ltr'><strong>curarem?</strong></span> <span class='ocrx_word' id='word_1_651' title='bbox 2062 2686 2211 2744; x_wconf 81' lang='lat' dir='ltr'><strong>Transcen-</strong></span> 
     </span>
     <span class='ocr_line' id='line_1_84' title="bbox 1423 2775 2211 2842; baseline 0.008 -12"><span class='ocrx_word' id='word_1_652' title='bbox 1423 2775 1469 2832; x_wconf 89' lang='lat' dir='ltr'><strong>dat</strong></span> <span class='ocrx_word' id='word_1_653' title='bbox 1489 2775 1609 2833; x_wconf 88' lang='lat' dir='ltr'><strong>carnales</strong></span> <span class='ocrx_word' id='word_1_654' title='bbox 1623 2775 1744 2842; x_wconf 77' lang='lat' dir='ltr'><strong>affectus,</strong></span> <span class='ocrx_word' id='word_1_655' title='bbox 1758 2777 1846 2834; x_wconf 86' lang='lat' dir='ltr'><strong>vincat</strong></span> <span class='ocrx_word' id='word_1_656' title='bbox 1859 2777 1979 2833; x_wconf 82' lang='lat' dir='ltr'><strong>earrrales</strong></span> <span class='ocrx_word' id='word_1_657' title='bbox 1993 2777 2127 2835; x_wconf 76' lang='lat' dir='ltr'><strong>libidines</strong></span> <span class='ocrx_word' id='word_1_658' title='bbox 2140 2781 2211 2836; x_wconf 81' lang='lat' dir='ltr'><strong>dudi</strong></span> 
     </span>
     <span class='ocr_line' id='line_1_85' title="bbox 1425 2864 2210 2924; baseline 0.001 -2"><span class='ocrx_word' id='word_1_659' title='bbox 1425 2867 1501 2922; x_wconf 87' lang='lat' dir='ltr'><strong>tubas</strong></span> <span class='ocrx_word' id='word_1_660' title='bbox 1520 2881 1631 2922; x_wconf 77' lang='lat' dir='ltr'><strong>cosmas</strong></span> <span class='ocrx_word' id='word_1_661' title='bbox 1646 2885 1653 2921; x_wconf 76' lang='grc' dir='ltr'><strong>ε</strong></span> <span class='ocrx_word' id='word_1_662' title='bbox 1670 2885 1680 2919; x_wconf 86' lang='grc' dir='ltr'>ι</span> <span class='ocrx_word' id='word_1_663' title='bbox 1697 2866 1725 2923; x_wconf 91' lang='lat' dir='ltr'><strong>Si</strong></span> <span class='ocrx_word' id='word_1_664' title='bbox 1748 2877 1836 2922; x_wconf 89' lang='lat' dir='ltr'><strong>autem</strong></span> <span class='ocrx_word' id='word_1_665' title='bbox 1858 2864 2043 2924; x_wconf 82' lang='lat' dir='ltr'><strong>resurrexistis</strong></span> <span class='ocrx_word' id='word_1_666' title='bbox 2057 2883 2117 2924; x_wconf 91' lang='lat' dir='ltr'><strong>cnm</strong></span> <span class='ocrx_word' id='word_1_667' title='bbox 2131 2869 2210 2924; x_wconf 82' lang='lat' dir='ltr'><strong>Cirri-</strong></span> 
     </span>
     <span class='ocr_line' id='line_1_86' title="bbox 1422 2957 2210 3030; baseline 0.003 -17"><span class='ocrx_word' id='word_1_668' title='bbox 1422 2966 1476 3025; x_wconf 86' lang='lat' dir='ltr'><strong>ttto,</strong></span> <span class='ocrx_word' id='word_1_669' title='bbox 1495 2975 1505 3011; x_wconf 87' lang='lat' dir='ltr'><strong>v</strong></span> <span class='ocrx_word' id='word_1_670' title='bbox 1521 2957 1664 3028; x_wconf 75' lang='lat' dir='ltr'><strong>Apostolus</strong></span> <span class='ocrx_word' id='word_1_671' title='bbox 1682 2958 1756 3024; x_wconf 90' lang='lat' dir='ltr'><strong>dicit,</strong></span> <span class='ocrx_word' id='word_1_672' title='bbox 1775 2976 1785 3010; x_wconf 88' lang='grc' dir='ltr'>ι</span> <span class='ocrx_word' id='word_1_673' title='bbox 1804 2973 1862 3028; x_wconf 88' lang='lat' dir='ltr'><strong>quae</strong></span> <span class='ocrx_word' id='word_1_674' title='bbox 1883 2973 1988 3013; x_wconf 86' lang='lat' dir='ltr'><strong>sursunt</strong></span> <span class='ocrx_word' id='word_1_675' title='bbox 2007 2968 2068 3015; x_wconf 87' lang='lat' dir='ltr'><strong>sunt</strong></span> <span class='ocrx_word' id='word_1_676' title='bbox 2087 2959 2210 3030; x_wconf 77' lang='lat' dir='ltr'><strong>quarite,</strong></span> 
     </span>
     <span class='ocr_line' id='line_1_87' title="bbox 1423 3047 2211 3120; baseline 0.001 -16"><span class='ocrx_word' id='word_1_677' title='bbox 1423 3047 1468 3104; x_wconf 93' lang='lat' dir='ltr'><strong>ubi</strong></span> <span class='ocrx_word' id='word_1_678' title='bbox 1482 3048 1603 3104; x_wconf 90' lang='lat' dir='ltr'><strong>Cbristus</strong></span> <span class='ocrx_word' id='word_1_679' title='bbox 1616 3057 1658 3104; x_wconf 89' lang='lat' dir='ltr'><strong>est</strong></span> <span class='ocrx_word' id='word_1_680' title='bbox 1671 3049 1696 3103; x_wconf 92' lang='lat' dir='ltr'><strong>in</strong></span> <span class='ocrx_word' id='word_1_681' title='bbox 1710 3048 1818 3103; x_wconf 88' lang='lat' dir='ltr'><strong>dextera</strong></span> <span class='ocrx_word' id='word_1_682' title='bbox 1834 3049 1880 3104; x_wconf 83' lang='lat' dir='ltr'><strong>lici</strong></span> <span class='ocrx_word' id='word_1_683' title='bbox 1894 3047 2008 3114; x_wconf 80' lang='lat' dir='ltr'><strong>sedens3</strong></span> <span class='ocrx_word' id='word_1_684' title='bbox 2028 3064 2088 3120; x_wconf 88' lang='lat' dir='ltr'><strong>qnae</strong></span> <span class='ocrx_word' id='word_1_685' title='bbox 2102 3063 2211 3105; x_wconf 87' lang='lat' dir='ltr'><strong>sursum</strong></span> 
     </span>
     <span class='ocr_line' id='line_1_88' title="bbox 1423 3140 2208 3214; baseline 0.005 -21"><span class='ocrx_word' id='word_1_686' title='bbox 1423 3148 1486 3194; x_wconf 92' lang='lat' dir='ltr'><strong>stmt</strong></span> <span class='ocrx_word' id='word_1_687' title='bbox 1494 3140 1589 3210; x_wconf 87' lang='lat' dir='ltr'><strong>sapite,</strong></span> <span class='ocrx_word' id='word_1_688' title='bbox 1599 3154 1650 3195; x_wconf 88' lang='lat' dir='ltr'><strong>nort</strong></span> <span class='ocrx_word' id='word_1_689' title='bbox 1659 3156 1717 3211; x_wconf 79' lang='lat' dir='ltr'><strong>qum</strong></span> <span class='ocrx_word' id='word_1_690' title='bbox 1727 3154 1807 3211; x_wconf 91' lang='lat' dir='ltr'><strong>super</strong></span> <span class='ocrx_word' id='word_1_691' title='bbox 1819 3150 1915 3195; x_wconf 89' lang='lat' dir='ltr'><strong>terram</strong></span> <span class='ocrx_word' id='word_1_692' title='bbox 1927 3159 1936 3193; x_wconf 85' lang='lat' dir='ltr'><strong>r</strong></span> <span class='ocrx_word' id='word_1_693' title='bbox 1947 3140 2054 3212; x_wconf 77' lang='lat' dir='ltr'><strong>(Celeri.</strong></span> <span class='ocrx_word' id='word_1_694' title='bbox 2067 3157 2105 3202; x_wconf 78' lang='lat' dir='ltr'><strong>tn,</strong></span> <span class='ocrx_word' id='word_1_695' title='bbox 2115 3144 2126 3198; x_wconf 91' lang='lat' dir='ltr'><strong>l</strong></span> <span class='ocrx_word' id='word_1_696' title='bbox 2138 3143 2208 3214; x_wconf 65' lang='grc' dir='ltr'><strong>σιξ).</strong></span> 
     </span>
     <span class='ocr_line' id='line_1_89' title="bbox 1422 3230 2211 3302; baseline 0.009 -18"><span class='ocrx_word' id='word_1_697' title='bbox 1422 3230 1490 3298; x_wconf 82' lang='lat' dir='ltr'><strong>Quid</strong></span> <span class='ocrx_word' id='word_1_698' title='bbox 1505 3241 1557 3298; x_wconf 85' lang='lat' dir='ltr'><strong>est,</strong></span> <span class='ocrx_word' id='word_1_699' title='bbox 1574 3249 1584 3283; x_wconf 85' lang='lat' dir='ltr'><strong>v</strong></span> <span class='ocrx_word' id='word_1_700' title='bbox 1604 3247 1661 3302; x_wconf 79' lang='lat' dir='ltr'><strong>qum</strong></span> <span class='ocrx_word' id='word_1_701' title='bbox 1675 3246 1778 3287; x_wconf 88' lang='lat' dir='ltr'><strong>sursum</strong></span> <span class='ocrx_word' id='word_1_702' title='bbox 1793 3240 1855 3287; x_wconf 84' lang='lat' dir='ltr'><strong>sunt</strong></span> <span class='ocrx_word' id='word_1_703' title='bbox 1868 3233 1997 3300; x_wconf 80' lang='lat' dir='ltr'><strong>qrrarttet</strong></span> <span class='ocrx_word' id='word_1_704' title='bbox 2014 3253 2022 3284; x_wconf 85' lang='lat' dir='ltr'><strong>r</strong></span> <span class='ocrx_word' id='word_1_705' title='bbox 2044 3230 2071 3288; x_wconf 90' lang='lat' dir='ltr'><strong>ld</strong></span> <span class='ocrx_word' id='word_1_706' title='bbox 2086 3242 2137 3300; x_wconf 80' lang='lat' dir='ltr'><strong>est,</strong></span> <span class='ocrx_word' id='word_1_707' title='bbox 2149 3251 2211 3291; x_wconf 85' lang='lat' dir='ltr'><strong>car·</strong></span> 
     </span>
     <span class='ocr_line' id='line_1_90' title="bbox 1423 3322 2211 3393; baseline 0.009 -18"><span class='ocrx_word' id='word_1_708' title='bbox 1423 3337 1484 3378; x_wconf 91' lang='lat' dir='ltr'><strong>nem</strong></span> <span class='ocrx_word' id='word_1_709' title='bbox 1498 3322 1628 3386; x_wconf 86' lang='lat' dir='ltr'><strong>excedite,</strong></span> <span class='ocrx_word' id='word_1_710' title='bbox 1641 3323 1722 3377; x_wconf 92' lang='lat' dir='ltr'><strong>nolite</strong></span> <span class='ocrx_word' id='word_1_711' title='bbox 1732 3323 1848 3377; x_wconf 87' lang='lat' dir='ltr'><strong>cartralia</strong></span> <span class='ocrx_word' id='word_1_712' title='bbox 1861 3325 1986 3393; x_wconf 77' lang='lat' dir='ltr'><strong>cogitare.</strong></span> <span class='ocrx_word' id='word_1_713' title='bbox 1999 3323 2121 3379; x_wconf 89' lang='lat' dir='ltr'><strong>Nondum</strong></span> <span class='ocrx_word' id='word_1_714' title='bbox 2132 3337 2211 3382; x_wconf 78' lang='lat' dir='ltr'><strong>crant</strong></span> 
     </span>
     <span class='ocr_line' id='line_1_91' title="bbox 1423 3412 2212 3483; baseline 0.008 -16"><span class='ocrx_word' id='word_1_715' title='bbox 1423 3413 1494 3468; x_wconf 79' lang='lat' dir='ltr'><strong>tubae</strong></span> <span class='ocrx_word' id='word_1_716' title='bbox 1507 3427 1621 3479; x_wconf 78' lang='lat' dir='ltr'><strong>cornea,</strong></span> <span class='ocrx_word' id='word_1_717' title='bbox 1638 3413 1735 3483; x_wconf 78' lang='lat' dir='ltr'><strong>quibus</strong></span> <span class='ocrx_word' id='word_1_718' title='bbox 1755 3412 1842 3468; x_wconf 88' lang='lat' dir='ltr'><strong>adhuc</strong></span> <span class='ocrx_word' id='word_1_719' title='bbox 1857 3413 1892 3468; x_wconf 85' lang='lat' dir='ltr'><strong>ita</strong></span> <span class='ocrx_word' id='word_1_720' title='bbox 1917 3413 2074 3483; x_wconf 78' lang='lat' dir='ltr'><strong>loquebatur</strong></span> <span class='ocrx_word' id='word_1_721' title='bbox 2088 3434 2121 3471; x_wconf 87' lang='lat' dir='ltr'><strong>:r</strong></span> <span class='ocrx_word' id='word_1_722' title='bbox 2145 3415 2212 3472; x_wconf 83' lang='lat' dir='ltr'><strong>Fra·</strong></span> 
     </span>
     <span class='ocr_line' id='line_1_92' title="bbox 1423 3505 2211 3576; baseline 0.008 -17"><span class='ocrx_word' id='word_1_723' title='bbox 1423 3514 1487 3569; x_wconf 89' lang='lat' dir='ltr'><strong>tres,</strong></span> <span class='ocrx_word' id='word_1_724' title='bbox 1505 3518 1557 3559; x_wconf 81' lang='lat' dir='ltr'><strong>nott</strong></span> <span class='ocrx_word' id='word_1_725' title='bbox 1573 3506 1645 3573; x_wconf 88' lang='lat' dir='ltr'><strong>potui</strong></span> <span class='ocrx_word' id='word_1_726' title='bbox 1666 3506 1742 3560; x_wconf 82' lang='lat' dir='ltr'><strong>vobis</strong></span> <span class='ocrx_word' id='word_1_727' title='bbox 1765 3505 1837 3575; x_wconf 84' lang='lat' dir='ltr'><strong>loqui</strong></span> <span class='ocrx_word' id='word_1_728' title='bbox 1858 3506 1931 3576; x_wconf 84' lang='lat' dir='ltr'><strong>quasi</strong></span> <span class='ocrx_word' id='word_1_729' title='bbox 1950 3505 2140 3575; x_wconf 86' lang='lat' dir='ltr'><strong>spiritualibus,</strong></span> <span class='ocrx_word' id='word_1_730' title='bbox 2160 3509 2211 3564; x_wconf 89' lang='lat' dir='ltr'><strong>sed</strong></span> 
     </span>
     <span class='ocr_line' id='line_1_93' title="bbox 1423 3584 2259 3666; baseline 0.006 -16"><span class='ocrx_word' id='word_1_731' title='bbox 1423 3595 1497 3664; x_wconf 81' lang='lat' dir='ltr'><strong>quasi</strong></span> <span class='ocrx_word' id='word_1_732' title='bbox 1512 3596 1672 3651; x_wconf 83' lang='lat' dir='ltr'><strong>carrralilrus.</strong></span> <span class='ocrx_word' id='word_1_733' title='bbox 1696 3596 1831 3666; x_wconf 76' lang='lat' dir='ltr'><strong>Tanquam</strong></span> <span class='ocrx_word' id='word_1_734' title='bbox 1855 3594 1969 3666; x_wconf 89' lang='lat' dir='ltr'><strong>parvulis</strong></span> <span class='ocrx_word' id='word_1_735' title='bbox 1989 3596 2015 3650; x_wconf 90' lang='lat' dir='ltr'><strong>in</strong></span> <span class='ocrx_word' id='word_1_736' title='bbox 2031 3595 2147 3661; x_wconf 72' lang='lat' dir='ltr'><strong>cbristo,</strong></span> <span class='ocrx_word' id='word_1_737' title='bbox 2168 3598 2210 3655; x_wconf 81' lang='lat' dir='ltr'><strong>lac</strong></span> <span class='ocrx_word' id='word_1_738' title='bbox 2254 3584 2259 3591; x_wconf 46' lang='lat'>¹</span> 
     </span>
     <span class='ocr_line' id='line_1_94' title="bbox 1423 3684 2209 3759; baseline 0.006 -20"><span class='ocrx_word' id='word_1_739' title='bbox 1423 3684 1497 3741; x_wconf 92' lang='lat' dir='ltr'><strong>vobis</strong></span> <span class='ocrx_word' id='word_1_740' title='bbox 1511 3696 1602 3756; x_wconf 92' lang='lat' dir='ltr'><strong>potum</strong></span> <span class='ocrx_word' id='word_1_741' title='bbox 1612 3685 1683 3749; x_wconf 83' lang='lat' dir='ltr'><strong>dedi,</strong></span> <span class='ocrx_word' id='word_1_742' title='bbox 1696 3703 1746 3740; x_wconf 90' lang='lat' dir='ltr'><strong>non</strong></span> <span class='ocrx_word' id='word_1_743' title='bbox 1759 3702 1865 3751; x_wconf 87' lang='lat' dir='ltr'><strong>escarn;</strong></span> <span class='ocrx_word' id='word_1_744' title='bbox 1882 3687 2050 3757; x_wconf 81' lang='lat' dir='ltr'><strong>nequeenim</strong></span> <span class='ocrx_word' id='word_1_745' title='bbox 2064 3686 2209 3759; x_wconf 79' lang='lat' dir='ltr'><strong>poteratis:</strong></span> 
     </span>
     <span class='ocr_line' id='line_1_95' title="bbox 1422 3774 2211 3847; baseline 0.008 -16"><span class='ocrx_word' id='word_1_746' title='bbox 1422 3774 1469 3832; x_wconf 91' lang='lat' dir='ltr'><strong>sed</strong></span> <span class='ocrx_word' id='word_1_747' title='bbox 1485 3792 1534 3832; x_wconf 87' lang='lat' dir='ltr'><strong>nec</strong></span> <span class='ocrx_word' id='word_1_748' title='bbox 1557 3775 1644 3833; x_wconf 87' lang='lat' dir='ltr'><strong>adlrue</strong></span> <span class='ocrx_word' id='word_1_749' title='bbox 1661 3777 1767 3847; x_wconf 85' lang='lat' dir='ltr'><strong>qrtidem</strong></span> <span class='ocrx_word' id='word_1_750' title='bbox 1793 3778 1921 3847; x_wconf 71' lang='lat' dir='ltr'><strong>protestis;</strong></span> <span class='ocrx_word' id='word_1_751' title='bbox 1945 3778 2010 3833; x_wconf 87' lang='lat' dir='ltr'><strong>estis</strong></span> <span class='ocrx_word' id='word_1_752' title='bbox 2029 3779 2099 3834; x_wconf 91' lang='lat' dir='ltr'><strong>enim</strong></span> <span class='ocrx_word' id='word_1_753' title='bbox 2122 3774 2211 3837; x_wconf 82' lang='lat' dir='ltr'><strong>adbuc</strong></span> 
     </span>
     <span class='ocr_line' id='line_1_96' title="bbox 1422 3867 2211 3951; baseline 0.008 -27"><span class='ocrx_word' id='word_1_754' title='bbox 1422 3867 1553 3951; x_wconf 72' lang='lat' dir='ltr'><strong>carnales.</strong></span> <span class='ocrx_word' id='word_1_755' title='bbox 1571 3875 1580 3920; x_wconf 87' lang='lat' dir='ltr'><strong>i</strong></span> <span class='ocrx_word' id='word_1_756' title='bbox 1598 3869 1667 3939; x_wconf 76' lang='lat' dir='ltr'><strong>Ergo</strong></span> <span class='ocrx_word' id='word_1_757' title='bbox 1681 3867 1733 3924; x_wconf 88' lang='lat' dir='ltr'><strong>non</strong></span> <span class='ocrx_word' id='word_1_758' title='bbox 1757 3878 1833 3925; x_wconf 84' lang='lat' dir='ltr'><strong>eram</strong></span> <span class='ocrx_word' id='word_1_759' title='bbox 1855 3870 1923 3925; x_wconf 74' lang='lat' dir='ltr'><strong>tubae</strong></span> <span class='ocrx_word' id='word_1_760' title='bbox 1944 3873 2134 3942; x_wconf 65' lang='lat' dir='ltr'><strong>caeremonia</strong></span> <span class='ocrx_word' id='word_1_761' title='bbox 2155 3889 2211 3930; x_wconf 88' lang='lat' dir='ltr'><strong>uutt</strong></span> 
     </span>
     <span class='ocr_line' id='line_1_97' title="bbox 1422 3958 2211 4030; baseline 0.009 -16"><span class='ocrx_word' id='word_1_762' title='bbox 1422 3968 1592 4015; x_wconf 88' lang='lat' dir='ltr'><strong>excesserant</strong></span> <span class='ocrx_word' id='word_1_763' title='bbox 1604 3975 1721 4014; x_wconf 87' lang='lat' dir='ltr'><strong>carnem.</strong></span> <span class='ocrx_word' id='word_1_764' title='bbox 1732 3958 1820 4015; x_wconf 83' lang='lat' dir='ltr'><strong>Coram</strong></span> <span class='ocrx_word' id='word_1_765' title='bbox 1833 3970 1861 4016; x_wconf 92' lang='lat' dir='ltr'><strong>et</strong></span> <span class='ocrx_word' id='word_1_766' title='bbox 1873 3961 1946 4016; x_wconf 90' lang='lat' dir='ltr'><strong>carni</strong></span> <span class='ocrx_word' id='word_1_767' title='bbox 1960 3961 2053 4030; x_wconf 85' lang='lat' dir='ltr'><strong>barret,</strong></span> <span class='ocrx_word' id='word_1_768' title='bbox 2062 3974 2089 4018; x_wconf 90' lang='lat' dir='ltr'><strong>et</strong></span> <span class='ocrx_word' id='word_1_769' title='bbox 2100 3978 2211 4021; x_wconf 86' lang='lat' dir='ltr'><strong>carnem</strong></span> 
     </span>
     <span class='ocr_line' id='line_1_98' title="bbox 1423 4050 2213 4124; baseline 0.011 -19"><span class='ocrx_word' id='word_1_770' title='bbox 1423 4050 1541 4114; x_wconf 87' lang='lat' dir='ltr'><strong>excedit;</strong></span> <span class='ocrx_word' id='word_1_771' title='bbox 1556 4059 1583 4105; x_wconf 94' lang='lat' dir='ltr'><strong>et</strong></span> <span class='ocrx_word' id='word_1_772' title='bbox 1594 4065 1743 4121; x_wconf 82' lang='lat' dir='ltr'><strong>quanquam</strong></span> <span class='ocrx_word' id='word_1_773' title='bbox 1760 4051 1794 4107; x_wconf 94' lang='lat' dir='ltr'><strong>dc</strong></span> <span class='ocrx_word' id='word_1_774' title='bbox 1812 4068 1892 4107; x_wconf 86' lang='lat' dir='ltr'><strong>earne</strong></span> <span class='ocrx_word' id='word_1_775' title='bbox 1906 4052 2018 4122; x_wconf 90' lang='lat' dir='ltr'><strong>oriatur,</strong></span> <span class='ocrx_word' id='word_1_776' title='bbox 2031 4065 2137 4124; x_wconf 88' lang='lat' dir='ltr'><strong>superat</strong></span> <span class='ocrx_word' id='word_1_777' title='bbox 2150 4071 2213 4114; x_wconf 89' lang='lat' dir='ltr'><strong>car-</strong></span> 
     </span>
     <span class='ocr_line' id='line_1_99' title="bbox 1424 4140 2212 4213; baseline 0.011 -18"><span class='ocrx_word' id='word_1_778' title='bbox 1424 4155 1495 4196; x_wconf 91' lang='lat' dir='ltr'><strong>nem.</strong></span> <span class='ocrx_word' id='word_1_779' title='bbox 1510 4140 1536 4197; x_wconf 85' lang='lat' dir='ltr'><strong>Si</strong></span> <span class='ocrx_word' id='word_1_780' title='bbox 1550 4141 1595 4197; x_wconf 88' lang='lat' dir='ltr'><strong>es¹</strong></span> <span class='ocrx_word' id='word_1_781' title='bbox 1609 4157 1674 4213; x_wconf 78' lang='lat' dir='ltr'><strong>ergo</strong></span> <span class='ocrx_word' id='word_1_782' title='bbox 1685 4157 1718 4197; x_wconf 88' lang='lat' dir='ltr'><strong>ex</strong></span> <span class='ocrx_word' id='word_1_783' title='bbox 1732 4143 1832 4198; x_wconf 87' lang='lat' dir='ltr'><strong>carnali</strong></span> <span class='ocrx_word' id='word_1_784' title='bbox 1846 4143 2010 4213; x_wconf 87' lang='lat' dir='ltr'><strong>spiritualis;</strong></span> <span class='ocrx_word' id='word_1_785' title='bbox 2026 4144 2113 4201; x_wconf 89' lang='lat' dir='ltr'><strong>adhue</strong></span> <span class='ocrx_word' id='word_1_786' title='bbox 2128 4161 2212 4204; x_wconf 87' lang='lat' dir='ltr'><strong>carne</strong></span> 
     </span>
     <span class='ocr_line' id='line_1_100' title="bbox 1423 4229 2213 4304; baseline 0.013 -20"><span class='ocrx_word' id='word_1_787' title='bbox 1423 4229 1509 4284; x_wconf 89' lang='lat' dir='ltr'><strong>calcas</strong></span> <span class='ocrx_word' id='word_1_788' title='bbox 1523 4239 1632 4295; x_wconf 83' lang='lat' dir='ltr'><strong>terram,</strong></span> <span class='ocrx_word' id='word_1_789' title='bbox 1643 4241 1670 4286; x_wconf 91' lang='lat' dir='ltr'><strong>et</strong></span> <span class='ocrx_word' id='word_1_790' title='bbox 1683 4231 1778 4301; x_wconf 91' lang='lat' dir='ltr'><strong>spiritu</strong></span> <span class='ocrx_word' id='word_1_791' title='bbox 1794 4234 1912 4304; x_wconf 88' lang='lat' dir='ltr'><strong>erumpis</strong></span> <span class='ocrx_word' id='word_1_792' title='bbox 1925 4235 1950 4288; x_wconf 95' lang='lat' dir='ltr'><strong>in</strong></span> <span class='ocrx_word' id='word_1_793' title='bbox 1964 4234 2059 4290; x_wconf 88' lang='lat' dir='ltr'><strong>coelum</strong></span> <span class='ocrx_word' id='word_1_794' title='bbox 2069 4254 2077 4291; x_wconf 91' lang='lat'><strong>:</strong></span> <span class='ocrx_word' id='word_1_795' title='bbox 2086 4234 2120 4291; x_wconf 84' lang='lat' dir='ltr'><strong>ln</strong></span> <span class='ocrx_word' id='word_1_796' title='bbox 2134 4255 2213 4295; x_wconf 80' lang='lat' dir='ltr'><strong>corne</strong></span> 
     </span>
     <span class='ocr_line' id='line_1_101' title="bbox 1422 4324 2212 4396; baseline 0.01 -19"><span class='ocrx_word' id='word_1_797' title='bbox 1422 4325 1489 4377; x_wconf 85' lang='lat' dir='ltr'><strong>enim</strong></span> <span class='ocrx_word' id='word_1_798' title='bbox 1503 4324 1666 4391; x_wconf 84' lang='lat' dir='ltr'><strong>urrtbnlnnter,</strong></span> <span class='ocrx_word' id='word_1_799' title='bbox 1684 4325 1776 4396; x_wconf 86' lang='lat' dir='ltr'><strong>inquit,</strong></span> <span class='ocrx_word' id='word_1_800' title='bbox 1794 4341 1844 4379; x_wconf 88' lang='lat' dir='ltr'><strong>noa</strong></span> <span class='ocrx_word' id='word_1_801' title='bbox 1866 4327 2001 4380; x_wconf 82' lang='lat' dir='ltr'><strong>terendum</strong></span> <span class='ocrx_word' id='word_1_802' title='bbox 2025 4344 2124 4383; x_wconf 82' lang='lat' dir='ltr'><strong>carnem</strong></span> <span class='ocrx_word' id='word_1_803' title='bbox 2142 4331 2212 4386; x_wconf 89' lang='lat' dir='ltr'><strong>otili·</strong></span> 
     </span>
     <span class='ocr_line' id='line_1_102' title="bbox 1424 4403 2256 4491; baseline 0.016 -25"><span class='ocrx_word' id='word_1_804' title='bbox 1424 4423 1505 4468; x_wconf 73' lang='lat' dir='ltr'><strong>ramo</strong></span> <span class='ocrx_word' id='word_1_805' title='bbox 1520 4413 1555 4487; x_wconf 79' lang='lat' dir='ltr'><strong>tu</strong></span> <span class='ocrx_word' id='word_1_806' title='bbox 1570 4413 1629 4469; x_wconf 78' lang='lat' dir='ltr'><strong>cor.</strong></span> <span class='ocrx_word' id='word_1_807' title='bbox 1646 4430 1674 4480; x_wconf 76' lang='grc' dir='ltr'><strong>ι,</strong></span> <span class='ocrx_word' id='word_1_808' title='bbox 1687 4414 1726 4487; x_wconf 81' lang='lat' dir='ltr'><strong>a).</strong></span> <span class='ocrx_word' id='word_1_809' title='bbox 1741 4415 1807 4471; x_wconf 70' lang='lat' dir='ltr'><strong>narn</strong></span> <span class='ocrx_word' id='word_1_810' title='bbox 1827 4417 1891 4471; x_wconf 83' lang='lat' dir='ltr'><strong>rrtuu</strong></span> <span class='ocrx_word' id='word_1_811' title='bbox 1904 4418 1999 4488; x_wconf 64' lang='lat' dir='ltr'><strong>prtinus</strong></span> <span class='ocrx_word' id='word_1_812' title='bbox 2015 4418 2081 4475; x_wconf 66' lang='lat' dir='ltr'><strong>utin</strong></span> <span class='ocrx_word' id='word_1_813' title='bbox 2093 4403 2210 4491; x_wconf 75' lang='lat' dir='ltr'><strong>a&#39;poseo-</strong></span> <span class='ocrx_word' id='word_1_814' title='bbox 2246 4436 2256 4446; x_wconf 83' lang='lat'>·</span> 
     </span>
     <span class='ocr_line' id='line_1_103' title="bbox 1424 4502 2211 4575; baseline 0.015 -20"><span class='ocrx_word' id='word_1_815' title='bbox 1424 4502 1474 4569; x_wconf 87' lang='lat' dir='ltr'><strong>lus,</strong></span> <span class='ocrx_word' id='word_1_816' title='bbox 1488 4502 1595 4568; x_wconf 84' lang='lat' dir='ltr'><strong>iratres,</strong></span> <span class='ocrx_word' id='word_1_817' title='bbox 1611 4518 1663 4559; x_wconf 89' lang='lat' dir='ltr'><strong>neu</strong></span> <span class='ocrx_word' id='word_1_818' title='bbox 1675 4507 1915 4575; x_wconf 73' lang='lat' dir='ltr'><strong>pretermittamus.</strong></span> <span class='ocrx_word' id='word_1_819' title='bbox 1932 4506 2000 4574; x_wconf 89' lang='lat' dir='ltr'><strong>Quid</strong></span> <span class='ocrx_word' id='word_1_820' title='bbox 2013 4507 2064 4564; x_wconf 92' lang='lat' dir='ltr'><strong>illis</strong></span> <span class='ocrx_word' id='word_1_821' title='bbox 2078 4509 2125 4574; x_wconf 87' lang='lat' dir='ltr'><strong>ait,</strong></span> <span class='ocrx_word' id='word_1_822' title='bbox 2137 4513 2211 4569; x_wconf 89' lang='lat' dir='ltr'><strong>urrde</strong></span> 
     </span>
     <span class='ocr_line' id='line_1_104' title="bbox 1424 4596 2209 4670; baseline 0.017 -23"><span class='ocrx_word' id='word_1_823' title='bbox 1424 4596 1549 4666; x_wconf 88' lang='lat' dir='ltr'><strong>probaret</strong></span> <span class='ocrx_word' id='word_1_824' title='bbox 1564 4596 1624 4650; x_wconf 92' lang='lat' dir='ltr'><strong>illos</strong></span> <span class='ocrx_word' id='word_1_825' title='bbox 1645 4597 1766 4653; x_wconf 88' lang='lat' dir='ltr'><strong>carnales</strong></span> <span class='ocrx_word' id='word_1_826' title='bbox 1788 4599 1902 4652; x_wconf 87' lang='lat' dir='ltr'><strong>carnalia</strong></span> <span class='ocrx_word' id='word_1_827' title='bbox 1917 4615 2021 4670; x_wconf 87' lang='lat' dir='ltr'><strong>sapere,</strong></span> <span class='ocrx_word' id='word_1_828' title='bbox 2037 4611 2064 4657; x_wconf 91' lang='lat' dir='ltr'><strong>ct</strong></span> <span class='ocrx_word' id='word_1_829' title='bbox 2089 4603 2209 4660; x_wconf 88' lang='lat' dir='ltr'><strong>norrdnm</strong></span> 
     </span>
     <span class='ocr_line' id='line_1_105' title="bbox 1424 4686 2210 4766; baseline 0.018 -28"><span class='ocrx_word' id='word_1_830' title='bbox 1424 4687 1507 4740; x_wconf 85' lang='lat' dir='ltr'><strong>iactos</strong></span> <span class='ocrx_word' id='word_1_831' title='bbox 1521 4686 1595 4741; x_wconf 85' lang='lat' dir='ltr'><strong>tulras</strong></span> <span class='ocrx_word' id='word_1_832' title='bbox 1608 4687 1740 4743; x_wconf 78' lang='lat' dir='ltr'><strong>corneas?</strong></span> <span class='ocrx_word' id='word_1_833' title='bbox 1757 4707 1766 4740; x_wconf 91' lang='grc' dir='ltr'>ι</span> <span class='ocrx_word' id='word_1_834' title='bbox 1783 4688 1848 4743; x_wconf 85' lang='lat' dir='ltr'><strong>Cum</strong></span> <span class='ocrx_word' id='word_1_835' title='bbox 1864 4690 1934 4745; x_wconf 90' lang='lat' dir='ltr'><strong>eninr</strong></span> <span class='ocrx_word' id='word_1_836' title='bbox 1950 4690 2015 4746; x_wconf 90' lang='lat' dir='ltr'><strong>dicit</strong></span> <span class='ocrx_word' id='word_1_837' title='bbox 2026 4695 2210 4766; x_wconf 79' lang='lat' dir='ltr'><strong>unusquisqne</strong></span> 
     </span>
     <span class='ocr_line' id='line_1_106' title="bbox 1422 4776 2210 4854; baseline 0.019 -26"><span class='ocrx_word' id='word_1_838' title='bbox 1422 4787 1552 4840; x_wconf 89' lang='lat' dir='ltr'><strong>vestrum,</strong></span> <span class='ocrx_word' id='word_1_839' title='bbox 1567 4776 1623 4848; x_wconf 79' lang='lat' dir='ltr'><strong>Ego</strong></span> <span class='ocrx_word' id='word_1_840' title='bbox 1638 4793 1696 4833; x_wconf 92' lang='lat' dir='ltr'><strong>sum</strong></span> <span class='ocrx_word' id='word_1_841' title='bbox 1720 4778 1814 4846; x_wconf 81' lang='lat' dir='ltr'><strong>Pauli;</strong></span> <span class='ocrx_word' id='word_1_842' title='bbox 1838 4781 1915 4845; x_wconf 87' lang='lat' dir='ltr'><strong>alins,</strong></span> <span class='ocrx_word' id='word_1_843' title='bbox 1930 4780 1986 4854; x_wconf 73' lang='lat' dir='ltr'><strong>Epo</strong></span> <span class='ocrx_word' id='word_1_844' title='bbox 2003 4783 2116 4851; x_wconf 79' lang='lat' dir='ltr'><strong>Apollo;</strong></span> <span class='ocrx_word' id='word_1_845' title='bbox 2138 4786 2210 4843; x_wconf 83' lang='lat' dir='ltr'><strong>alius</strong></span> 
     </span>
     <span class='ocr_line' id='line_1_107' title="bbox 1423 4868 2209 4942; baseline 0.01 -18"><span class='ocrx_word' id='word_1_846' title='bbox 1423 4878 1523 4936; x_wconf 90' lang='lat' dir='ltr'><strong>autcm,</strong></span> <span class='ocrx_word' id='word_1_847' title='bbox 1540 4870 1596 4940; x_wconf 75' lang='lat' dir='ltr'><strong>Ego</strong></span> <span class='ocrx_word' id='word_1_848' title='bbox 1607 4868 1722 4942; x_wconf 81' lang='lat' dir='ltr'><strong>Ceplnc:</strong></span> <span class='ocrx_word' id='word_1_849' title='bbox 1739 4886 1827 4926; x_wconf 89' lang='lat' dir='ltr'><strong>nonne</strong></span> <span class='ocrx_word' id='word_1_850' title='bbox 1844 4873 1964 4929; x_wconf 87' lang='lat' dir='ltr'><strong>carnales</strong></span> <span class='ocrx_word' id='word_1_851' title='bbox 1977 4875 2051 4940; x_wconf 88' lang='lat' dir='ltr'><strong>estis,</strong></span> <span class='ocrx_word' id='word_1_852' title='bbox 2071 4885 2098 4931; x_wconf 86' lang='lat' dir='ltr'><strong>et</strong></span> <span class='ocrx_word' id='word_1_853' title='bbox 2110 4892 2209 4934; x_wconf 86' lang='lat' dir='ltr'><strong>secun·</strong></span> 
     </span>
     <span class='ocr_line' id='line_1_108' title="bbox 1423 4959 2210 5041; baseline 0.017 -25"><span class='ocrx_word' id='word_1_854' title='bbox 1423 4961 1486 5017; x_wconf 91' lang='lat' dir='ltr'><strong>dum</strong></span> <span class='ocrx_word' id='word_1_855' title='bbox 1499 4959 1633 5018; x_wconf 90' lang='lat' dir='ltr'><strong>bonrinem</strong></span> <span class='ocrx_word' id='word_1_856' title='bbox 1648 4963 1805 5018; x_wconf 78' lang='lat' dir='ltr'><strong>ambulatis?</strong></span> <span class='ocrx_word' id='word_1_857' title='bbox 1826 4965 1893 5034; x_wconf 89' lang='lat' dir='ltr'><strong>Quid</strong></span> <span class='ocrx_word' id='word_1_858' title='bbox 1915 4976 1957 5022; x_wconf 88' lang='lat' dir='ltr'><strong>est</strong></span> <span class='ocrx_word' id='word_1_859' title='bbox 1978 4978 2066 5025; x_wconf 84' lang='lat' dir='ltr'><strong>antem</strong></span> <span class='ocrx_word' id='word_1_860' title='bbox 2091 4971 2210 5041; x_wconf 81' lang='lat' dir='ltr'><strong>dpolloi</strong></span> 
     </span>
     <span class='ocr_line' id='line_1_109' title="bbox 1423 5052 2209 5130; baseline 0.014 -22"><span class='ocrx_word' id='word_1_861' title='bbox 1423 5053 1485 5124; x_wconf 83' lang='lat' dir='ltr'><strong>quid</strong></span> <span class='ocrx_word' id='word_1_862' title='bbox 1506 5063 1594 5108; x_wconf 91' lang='lat' dir='ltr'><strong>autem</strong></span> <span class='ocrx_word' id='word_1_863' title='bbox 1619 5052 1735 5110; x_wconf 76' lang='lat' dir='ltr'><strong>Patrius?</strong></span> <span class='ocrx_word' id='word_1_864' title='bbox 1759 5055 1870 5110; x_wconf 87' lang='lat' dir='ltr'><strong>llinistri</strong></span> <span class='ocrx_word' id='word_1_865' title='bbox 1893 5057 1949 5124; x_wconf 84' lang='lat' dir='ltr'><strong>liei,</strong></span> <span class='ocrx_word' id='word_1_866' title='bbox 1967 5076 2014 5127; x_wconf 86' lang='lat' dir='ltr'><strong>per</strong></span> <span class='ocrx_word' id='word_1_867' title='bbox 2034 5077 2101 5130; x_wconf 84' lang='lat' dir='ltr'><strong>qrros</strong></span> <span class='ocrx_word' id='word_1_868' title='bbox 2117 5063 2209 5119; x_wconf 88' lang='lat' dir='ltr'><strong>eredi-</strong></span> 
     </span>
     <span class='ocr_line' id='line_1_110' title="bbox 1423 5144 2213 5217; baseline 0.011 -18"><span class='ocrx_word' id='word_1_869' title='bbox 1423 5145 1509 5199; x_wconf 88' lang='lat' dir='ltr'><strong>distis.</strong></span> <span class='ocrx_word' id='word_1_870' title='bbox 1528 5144 1584 5215; x_wconf 75' lang='lat' dir='ltr'><strong>Ego</strong></span> <span class='ocrx_word' id='word_1_871' title='bbox 1610 5144 1734 5215; x_wconf 90' lang='lat' dir='ltr'><strong>plantavi,</strong></span> <span class='ocrx_word' id='word_1_872' title='bbox 1760 5146 1852 5216; x_wconf 80' lang='lat' dir='ltr'><strong>Apollo</strong></span> <span class='ocrx_word' id='word_1_873' title='bbox 1875 5148 1986 5217; x_wconf 76' lang='lat' dir='ltr'><strong>rigavit;</strong></span> <span class='ocrx_word' id='word_1_874' title='bbox 2009 5151 2055 5204; x_wconf 87' lang='lat' dir='ltr'><strong>sed</strong></span> <span class='ocrx_word' id='word_1_875' title='bbox 2078 5152 2148 5207; x_wconf 83' lang='lat' dir='ltr'><strong>licus</strong></span> <span class='ocrx_word' id='word_1_876' title='bbox 2169 5153 2213 5209; x_wconf 91' lang='lat' dir='ltr'><strong>in·</strong></span> 
     </span>
     <span class='ocr_line' id='line_1_111' title="bbox 1423 5235 2211 5314; baseline 0.016 -25"><span class='ocrx_word' id='word_1_877' title='bbox 1423 5246 1585 5291; x_wconf 85' lang='lat' dir='ltr'><strong>crementum</strong></span> <span class='ocrx_word' id='word_1_878' title='bbox 1596 5235 1667 5290; x_wconf 91' lang='lat' dir='ltr'><strong>dedit</strong></span> <span class='ocrx_word' id='word_1_879' title='bbox 1682 5256 1691 5290; x_wconf 84' lang='lat' dir='ltr'><strong>r</strong></span> <span class='ocrx_word' id='word_1_880' title='bbox 1708 5237 1729 5307; x_wconf 86' lang='lat' dir='ltr'><strong>(l</strong></span> <span class='ocrx_word' id='word_1_881' title='bbox 1744 5237 1801 5292; x_wconf 82' lang='lat' dir='ltr'><strong>Cor.</strong></span> <span class='ocrx_word' id='word_1_882' title='bbox 1814 5256 1832 5303; x_wconf 91' lang='lat' dir='ltr'><strong>t,</strong></span> <span class='ocrx_word' id='word_1_883' title='bbox 1845 5239 1887 5304; x_wconf 62' lang='lat' dir='ltr'><strong>li,</strong></span> <span class='ocrx_word' id='word_1_884' title='bbox 1902 5251 1925 5293; x_wconf 87' lang='lat' dir='ltr'><strong>et</strong></span> <span class='ocrx_word' id='word_1_885' title='bbox 1939 5258 1976 5305; x_wconf 89' lang='lat' dir='ltr'><strong>nr,</strong></span> <span class='ocrx_word' id='word_1_886' title='bbox 1993 5242 2060 5314; x_wconf 68' lang='lat' dir='ltr'><strong>ts).</strong></span> <span class='ocrx_word' id='word_1_887' title='bbox 2073 5243 2133 5299; x_wconf 86' lang='lat' dir='ltr'><strong>Vult</strong></span> <span class='ocrx_word' id='word_1_888' title='bbox 2148 5244 2211 5302; x_wconf 85' lang='lat' dir='ltr'><strong>illos</strong></span> 
     </span>
     <span class='ocr_line' id='line_1_112' title="bbox 1423 5327 2210 5401; baseline 0.01 -21"><span class='ocrx_word' id='word_1_889' title='bbox 1423 5342 1486 5398; x_wconf 75' lang='lat' dir='ltr'><strong>ergo</strong></span> <span class='ocrx_word' id='word_1_890' title='bbox 1500 5327 1564 5396; x_wconf 81' lang='lat' dir='ltr'><strong>erigi</strong></span> <span class='ocrx_word' id='word_1_891' title='bbox 1579 5327 1613 5382; x_wconf 93' lang='lat' dir='ltr'><strong>ab</strong></span> <span class='ocrx_word' id='word_1_892' title='bbox 1622 5341 1669 5397; x_wconf 89' lang='lat' dir='ltr'><strong>spe</strong></span> <span class='ocrx_word' id='word_1_893' title='bbox 1682 5344 1760 5397; x_wconf 88' lang='lat' dir='ltr'><strong>quam</strong></span> <span class='ocrx_word' id='word_1_894' title='bbox 1774 5329 1798 5382; x_wconf 90' lang='lat' dir='ltr'><strong>in</strong></span> <span class='ocrx_word' id='word_1_895' title='bbox 1820 5328 1926 5385; x_wconf 88' lang='lat' dir='ltr'><strong>lrorninc</strong></span> <span class='ocrx_word' id='word_1_896' title='bbox 1940 5344 2090 5401; x_wconf 88' lang='lat' dir='ltr'><strong>posuerant,</strong></span> <span class='ocrx_word' id='word_1_897' title='bbox 2104 5344 2131 5390; x_wconf 90' lang='lat' dir='ltr'><strong>et</strong></span> <span class='ocrx_word' id='word_1_898' title='bbox 2142 5352 2210 5391; x_wconf 88' lang='lat' dir='ltr'><strong>con-</strong></span> 
     </span>
     <span class='ocr_line' id='line_1_113' title="bbox 1424 5416 2209 5502; baseline 0.014 -32"><span class='ocrx_word' id='word_1_899' title='bbox 1424 5418 1524 5487; x_wconf 75' lang='lat' dir='ltr'><strong>tingere</strong></span> <span class='ocrx_word' id='word_1_900' title='bbox 1535 5417 1680 5502; x_wconf 70' lang='lat' dir='ltr'><strong>spiritualia</strong></span> <span class='ocrx_word' id='word_1_901' title='bbox 1693 5416 1807 5485; x_wconf 71' lang='lat' dir='ltr'><strong>Cirristi‘,</strong></span> <span class='ocrx_word' id='word_1_902' title='bbox 1823 5428 1851 5473; x_wconf 90' lang='lat' dir='ltr'><strong>ut</strong></span> <span class='ocrx_word' id='word_1_903' title='bbox 1865 5433 1973 5490; x_wconf 89' lang='lat' dir='ltr'><strong>possent</strong></span> <span class='ocrx_word' id='word_1_904' title='bbox 1987 5439 2047 5480; x_wconf 87' lang='lat' dir='ltr'><strong>esse</strong></span> <span class='ocrx_word' id='word_1_905' title='bbox 2066 5425 2134 5480; x_wconf 79' lang='lat' dir='ltr'><strong>tuba</strong></span> <span class='ocrx_word' id='word_1_906' title='bbox 2149 5443 2209 5482; x_wconf 90' lang='lat' dir='ltr'><strong>cnr·</strong></span> 
     </span>
     <span class='ocr_line' id='line_1_114' title="bbox 1424 5510 2213 5583; baseline 0.016 -19"><span class='ocrx_word' id='word_1_907' title='bbox 1424 5525 1491 5576; x_wconf 75' lang='lat' dir='ltr'><strong>neto,</strong></span> <span class='ocrx_word' id='word_1_908' title='bbox 1504 5510 1525 5565; x_wconf 89' lang='lat' dir='ltr'><strong>si</strong></span> <span class='ocrx_word' id='word_1_909' title='bbox 1546 5519 1702 5582; x_wconf 86' lang='lat' dir='ltr'><strong>superarent</strong></span> <span class='ocrx_word' id='word_1_910' title='bbox 1715 5527 1831 5567; x_wconf 83' lang='lat' dir='ltr'><strong>errncm.</strong></span> <span class='ocrx_word' id='word_1_911' title='bbox 1850 5511 1968 5583; x_wconf 85' lang='lat' dir='ltr'><strong>Fratres,</strong></span> <span class='ocrx_word' id='word_1_912' title='bbox 1982 5516 2067 5573; x_wconf 89' lang='lat' dir='ltr'><strong>nolite</strong></span> <span class='ocrx_word' id='word_1_913' title='bbox 2079 5517 2213 5578; x_wconf 81' lang='lat' dir='ltr'><strong>insultare</strong></span> 
     </span>
     <span class='ocr_line' id='line_1_115' title="bbox 1425 5601 2210 5678; baseline 0.011 -22"><span class='ocrx_word' id='word_1_914' title='bbox 1425 5601 1629 5673; x_wconf 79' lang='lat' dir='ltr'><strong>fratribusquos</strong></span> <span class='ocrx_word' id='word_1_915' title='bbox 1652 5603 1768 5658; x_wconf 87' lang='lat' dir='ltr'><strong>notrdum</strong></span> <span class='ocrx_word' id='word_1_916' title='bbox 1793 5608 1923 5662; x_wconf 88' lang='lat' dir='ltr'><strong>corrvertit</strong></span> <span class='ocrx_word' id='word_1_917' title='bbox 1947 5609 2128 5665; x_wconf 85' lang='lat' dir='ltr'><strong>misericordia</strong></span> <span class='ocrx_word' id='word_1_918' title='bbox 2143 5611 2210 5678; x_wconf 84' lang='lat' dir='ltr'><strong>ilci;</strong></span> 
     </span>
     <span class='ocr_line' id='line_1_116' title="bbox 1424 5693 2209 5770; baseline 0.013 -23"><span class='ocrx_word' id='word_1_919' title='bbox 1424 5693 1549 5747; x_wconf 87' lang='lat' dir='ltr'><strong>noveritis</strong></span> <span class='ocrx_word' id='word_1_920' title='bbox 1561 5694 1622 5763; x_wconf 86' lang='lat' dir='ltr'><strong>quia</strong></span> <span class='ocrx_word' id='word_1_921' title='bbox 1640 5694 1766 5764; x_wconf 86' lang='lat' dir='ltr'><strong>quamdiu</strong></span> <span class='ocrx_word' id='word_1_922' title='bbox 1785 5694 1836 5750; x_wconf 82' lang='lat' dir='ltr'><strong>linc</strong></span> <span class='ocrx_word' id='word_1_923' title='bbox 1858 5697 1953 5762; x_wconf 80' lang='lat' dir='ltr'><strong>facitis,</strong></span> <span class='ocrx_word' id='word_1_924' title='bbox 1974 5713 2081 5755; x_wconf 82' lang='lat' dir='ltr'><strong>earnem</strong></span> <span class='ocrx_word' id='word_1_925' title='bbox 2104 5701 2209 5770; x_wconf 84' lang='lat' dir='ltr'><strong>sapitis.</strong></span> 
     </span>
     <span class='ocr_line' id='line_1_117' title="bbox 1423 5782 2211 5853; baseline 0.013 -17"><span class='ocrx_word' id='word_1_926' title='bbox 1423 5782 1497 5837; x_wconf 86' lang='lat' dir='ltr'><strong>&#39;iuba</strong></span> <span class='ocrx_word' id='word_1_927' title='bbox 1520 5798 1572 5848; x_wconf 88' lang='lat' dir='ltr'><strong>non</strong></span> <span class='ocrx_word' id='word_1_928' title='bbox 1589 5792 1631 5837; x_wconf 88' lang='lat' dir='ltr'><strong>est</strong></span> <span class='ocrx_word' id='word_1_929' title='bbox 1645 5784 1759 5853; x_wconf 75' lang='lat' dir='ltr'><strong>illaque</strong></span> <span class='ocrx_word' id='word_1_930' title='bbox 1779 5786 1892 5841; x_wconf 88' lang='lat' dir='ltr'><strong>delectat</strong></span> <span class='ocrx_word' id='word_1_931' title='bbox 1914 5803 1993 5844; x_wconf 91' lang='lat' dir='ltr'><strong>aures</strong></span> <span class='ocrx_word' id='word_1_932' title='bbox 2004 5790 2081 5844; x_wconf 80' lang='lat' dir='ltr'><strong>&#39;beiz</strong></span> <span class='ocrx_word' id='word_1_933' title='bbox 2097 5791 2211 5847; x_wconf 91' lang='lat' dir='ltr'><strong>insulta-</strong></span> 
     </span>
     <span class='ocr_line' id='line_1_118' title="bbox 1424 5873 2211 5940; baseline 0.017 -13"><span class='ocrx_word' id='word_1_934' title='bbox 1424 5873 1503 5928; x_wconf 90' lang='lat' dir='ltr'><strong>tionis</strong></span> <span class='ocrx_word' id='word_1_935' title='bbox 1516 5873 1578 5929; x_wconf 88' lang='lat' dir='ltr'><strong>tuba</strong></span> <span class='ocrx_word' id='word_1_936' title='bbox 1602 5873 1792 5931; x_wconf 83' lang='lat' dir='ltr'><strong>infructuosum</strong></span> <span class='ocrx_word' id='word_1_937' title='bbox 1814 5875 1912 5932; x_wconf 90' lang='lat' dir='ltr'><strong>bellurn</strong></span> <span class='ocrx_word' id='word_1_938' title='bbox 1936 5878 2008 5934; x_wconf 86' lang='lat' dir='ltr'><strong>lacit.</strong></span> <span class='ocrx_word' id='word_1_939' title='bbox 2025 5880 2097 5937; x_wconf 86' lang='lat' dir='ltr'><strong>Tuba</strong></span> <span class='ocrx_word' id='word_1_940' title='bbox 2109 5895 2211 5940; x_wconf 79' lang='lat' dir='ltr'><strong>cerrrea</strong></span> 
     </span>
     <span class='ocr_line' id='line_1_119' title="bbox 1424 5960 2211 6036; baseline 0.014 -17"><span class='ocrx_word' id='word_1_941' title='bbox 1424 5960 1450 6020; x_wconf 83' lang='lat' dir='ltr'><strong>te</strong></span> <span class='ocrx_word' id='word_1_942' title='bbox 1459 5965 1543 6036; x_wconf 79' lang='lat' dir='ltr'><strong>erigat</strong></span> <span class='ocrx_word' id='word_1_943' title='bbox 1555 5964 1683 6021; x_wconf 87' lang='lat' dir='ltr'><strong>adversus</strong></span> <span class='ocrx_word' id='word_1_944' title='bbox 1696 5965 1842 6035; x_wconf 90' lang='lat' dir='ltr'><strong>diabolum,</strong></span> <span class='ocrx_word' id='word_1_945' title='bbox 1856 5985 1907 6023; x_wconf 94' lang='lat' dir='ltr'><strong>non</strong></span> <span class='ocrx_word' id='word_1_946' title='bbox 1929 5973 1989 6026; x_wconf 86' lang='lat' dir='ltr'><strong>tuba</strong></span> <span class='ocrx_word' id='word_1_947' title='bbox 2003 5985 2099 6027; x_wconf 87' lang='lat' dir='ltr'><strong>carnea</strong></span> <span class='ocrx_word' id='word_1_948' title='bbox 2112 5973 2211 6029; x_wconf 87' lang='lat' dir='ltr'><strong>adver·</strong></span> 
     </span>
    </p>
   </div>
   <div class='ocr_carea' id='block_1_18' title="bbox 1423 6119 2208 6244">
    <p class='ocr_par' dir='ltr' id='par_1_19' title="bbox 1423 6119 2208 6244">
     <span class='ocr_line' id='line_1_120' title="bbox 1423 6119 2208 6244; baseline 0.015 -77"><span class='ocrx_word' id='word_1_949' title='bbox 1423 6119 1464 6244; x_wconf 50' lang='grc' dir='ltr'><strong>μζ</strong></span> <span class='ocrx_word' id='word_1_950' title='bbox 1475 6119 1614 6232; x_wconf 40' lang='grc' dir='ltr'>εἱλιειοιξῗὰητι</span> <span class='ocrx_word' id='word_1_951' title='bbox 1624 6119 1691 6182; x_wconf 77' lang='lat' dir='ltr'><strong>trid,</strong></span> <span class='ocrx_word' id='word_1_952' title='bbox 1705 6119 1758 6171; x_wconf 81' lang='lat' dir='ltr'><strong>ties</strong></span> <span class='ocrx_word' id='word_1_953' title='bbox 1768 6133 1833 6186; x_wconf 79' lang='lat' dir='ltr'><strong>erpo,</strong></span> <span class='ocrx_word' id='word_1_954' title='bbox 1847 6131 1894 6172; x_wconf 87' lang='lat' dir='ltr'><strong>etc.</strong></span> <span class='ocrx_word' id='word_1_955' title='bbox 1913 6122 2034 6187; x_wconf 75' lang='lat' dir='ltr'><strong>taulorpue</strong></span> <span class='ocrx_word' id='word_1_956' title='bbox 2053 6133 2114 6189; x_wconf 77' lang='lat' dir='ltr'><strong>pum,</strong></span> <span class='ocrx_word' id='word_1_957' title='bbox 2125 6137 2208 6178; x_wconf 62' lang='lat' dir='ltr'><strong>otim</strong></span> 
     </span>
    </p>
   </div>
   <div class='ocr_carea' id='block_1_19' title="bbox 0 0 2704 7059">
    <p class='ocr_par' dir='ltr' id='par_1_20' title="bbox 0 0 2704 7059">
     <span class='ocr_line' id='line_1_121' title="bbox 0 0 2704 7059; baseline 0 0"><span class='ocrx_word' id='word_1_958' title='bbox 0 0 2704 7059; x_wconf 95' lang='lat' dir='ltr'><strong> </strong></span> 
     </span>
    </p>
   </div>
  </div>
 </body>
</html>
