5400 7059
533 807 599 862 itti

532 922 587 975 iux
600 928 641 974 est
653 934 760 979 eurum,
776 916 816 967 rel
833 926 879 982 pru
892 910 948 975 eis,
971 910 1014 978 qni
1028 909 1128 974 inulta,
1143 916 1317 977 persequente

530 1014 582 1068 isto
600 1012 714 1071 seculo,
731 1007 798 1061 inula
813 1005 974 1067 tolerantes,
989 1001 1159 1054 innotescunt
1177 997 1320 1067 compediti

531 1103 611 1157 corde
625 1103 650 1154 in
664 1098 838 1167 sapientiam
849 1110 898 1148 uec
912 1095 991 1147 tantis
1005 1091 1082 1168 malis
1092 1089 1177 1145 eoacti
1189 1088 1320 1157 reiugiant

530 1209 546 1246 a
562 1192 672 1245 llumino
684 1189 716 1241 ait
731 1185 910 1255 bajussaeeuli
932 1184 1011 1240 buna.
1025 1180 1175 1238 Secundum
1187 1189 1275 1234 autem
1288 1179 1320 1231 il·

531 1283 574 1338 lud
588 1281 658 1352 quud
679 1280 742 1333 alibi
759 1282 956 1348 scriptumest,
974 1276 1108 1344 Qiioieipue
1128 1274 1219 1327 oratii
1232 1271 1322 1341 [amerii

531 1387 601 1428 tironi
614 1391 630 1426 o
645 1389 683 1427 rae
697 1371 780 1442 (ibai.
797 1387 844 1437 ιιι,
859 1370 905 1441 i)?
919 1370 1004 1424 Etiam
1018 1367 1069 1424 buc
1079 1368 1178 1421 dietum
1190 1374 1241 1430 est,
1255 1364 1322 1417 Cori·

532 1477 641 1531 uertere,
657 1466 781 1529 Doiiiine,·
800 1463 947 1539 priorisque?
962 1463 993 1517 t'i
1007 1471 1037 1515 ut
1050 1459 1134 1514 sciant
1148 1459 1193 1528 qui
1212 1458 1322 1511 multum

532 1558 766 1613 earnattierstteo
787 1557 905 1610 tribuunt
925 1554 1032 1609 humaui
1053 1551 1173 1621 corporis
1188 1550 1322 1614 iurmam,

533 1652 699 1705 aversionem
707 1648 795 1703 uultus
807 1649 865 1717 ejus
877 1657 903 1701 et
917 1646 1118 1702 conversionem
1128 1658 1180 1699 ιιοιι
1196 1642 1252 1697 [ieri
1265 1656 1324 1695 mo·

535 1753 562 1797 tu
576 1742 654 1797 simili
671 1742 786 1797 motibus
798 1740 917 1810 eorporis
932 1738 1030 1802 nustri;
1043 1739 1069 1793 iu
1085 1738 1135 1791 boc
1147 1735 1241 1792 eodeni
1252 1734 1324 1806 psal·

536 1851 580 1888 niu
593 1833 711 1888 recolant
724 1833 861 1902 superiora
878 1850 885 1885 :
901 1829 1014 1884 Posuisti
1027 1829 1170 1894 iniquitates
1185 1837 1284 1880 nostros
1298 1825 1324 1879 in

535 1935 669 1993 correpectii
684 1935 736 1989 tuo,
751 1924 872 1978 sirculiriu
883 1933 996 1976 riustrmu
1010 1921 1036 1974 iri
1049 1918 1232 1973 illuminatione
1243 1916 1325 1970 ruitur

537 2018 736 2086 tiri.'Quumndu
748 2032 811 2087 ergo
822 2016 866 2069 bie
877 2015 956 2081 dicit,
971 2012 1132 2076 Convertere,
1150 2020 1177 2064 ut
1190 2011 1225 2064 sit
1239 2009 1326 2078 propi·

537 2111 607 2174 tius,
624 2109 697 2178 quasi
712 2107 806 2162 iaciom
819 2106 957 2160 avertisset
971 2105 1070 2167 iratus;
1084 2116 1144 2155 eum
1162 2100 1248 2161 ibisie
1261 2099 1326 2152 insi·

538 2210 602 2254 unet
619 2200 732 2262 imtuni,
746 2210 775 2252 ιιι
789 2214 841 2252 nun
854 2197 980 2252 auerterit
993 2194 1086 2249 iaciein
1099 2193 1132 2248 ab
1145 2191 1327 2262 iniquitatibus

538 2302 566 2347 et
578 2293 677 2348 seculo
689 2308 782 2347 eorum
795 2292 891 2362 quibus
906 2293 1082 2355 irasceretur,
1097 2286 1142 2341 sed
1155 2300 1185 2340 ea
1201 2284 1288 2355 potins
1299 2285 1326 2337 in

538 2395 682 2453 conspectu
694 2398 742 2439 suu
754 2394 780 2437 et
793 2384 820 2437 in
834 2383 1028 2437 illuminatione
1038 2380 1124 2434 uultus
1137 2379 1176 2433 sui
1191 2377 1327 2448 piisneriti

538 2477 613 2545 Quod
624 2488 711 2532 autem
724 2478 830 2543 dieitur,
847 2492 983 2547 quousque,
997 2473 1106 2528 terbum
1118 2483 1159 2527 est
1172 2472 1274 2527 orantis
1281 2469 1326 2540 ju·

539 2570 629 2635 stitiie,
640 2586 692 2623 nun
707 2570 866 2640 indignantis
880 2567 1061 2638 impatientiae.
1070 2564 1139 2621 Sane
1147 2563 1218 2635 quod
1229 2562 1272 2617 liic
1281 2575 1329 2632 pu·

539 2660 619 2714 sitam
631 2672 682 2726 est,
691 2660 854 2730 deprecabilis
866 2668 933 2722 erto,·
941 2659 985 2712 alii
994 2657 1105 2712 terbum
1115 2670 1131 2710 e
1140 2655 1232 2722 uerlm,
1240 2654 1328 2724 depre-

538 2767 606 2816 cere,
617 2751 782 2821 interpretati
792 2759 863 2805 sunt.
874 2749 926 2805 Sed
934 2749 978 2819 qui
988 2748 1036 2815 ait,
1045 2746 1209 2817 deprecobilis
1218 2755 1279 2810 erto,
1289 2745 1327 2798 vi·

540 2845 605 2896 iavit
612 2843 763 2913 ambignum
772 2857 779 2908 ;
789 2842 848 2913 quia
857 2839 992 2910 deprecari
1003 2854 1144 2894 commune
1152 2852 1192 2894 vei
1200 2837 1260 2891 bnni
1270 2844 1326 2891 est:

539 2949 600 2988 nani
609 2945 635 2988 et
649 2934 691 2988 ille
701 2934 909 3003 depreeaturqni
918 2929 1132 3000 deprecationem
1146 2928 1240 2993 inridit,
1249 2926 1328 2982 etille

538 3026 581 3079 eui
595 3025 727 3090 ιιιιιιιῑιιιι,
740 3025 854 3079 dicimus
866 3023 956 3090 enim,
971 3010 1159 3092 Depreeur'te,
1173 3029 1217 3088 et,
1230 3020 1327 3090 depre-

538 3130 613 3170 coia
630 3125 665 3169 le.

576 3206 619 3259 li.
635 3203 709 3278 [uere.
720 3205 763 3270 tt,
774 3202 830 3277 tt]
840 3204 940 3260 Deinde
952 3203 996 3257 illa
1007 3203 1074 3258 buna
1083 3218 1142 3273 qum
1155 3202 1240 3257 initura
1254 3211 1326 3269 sunt,

439 3367 449 3376 .
539 3314 587 3368 spe
599 3299 764 3368 anticipans,
778 3307 805 3353 et
825 3299 896 3352 velut
907 3297 962 3367 jam
977 3297 1043 3351 iacta
1058 3295 1187 3360 deputans
1205 3312 1212 3350 :
1231 3294 1328 3363 lleplrti

539 3408 635 3453 soritas,
646 3390 740 3460 inquit,
750 3408 823 3456 pirae
835 3391 1003 3444 misericordia
1016 3401 1069 3443 tua.
1084 3389 1152 3457 Ergo
1162 3387 1189 3443 iu
1203 3388 1244 3443 bis
1257 3389 1328 3443 velut

539 3481 830 3537 iincniriiis'laburibus
844 3492 870 3535 et
882 3481 1016 3536 doloribus
1031 3480 1167 3551 prophetia
1184 3480 1260 3535 nubis
1281 3473 1340 3534 ae·'

539 3589 618 3627 censa
632 3584 689 3639 cst,
705 3575 773 3626 sir-nt
791 3575 896 3628 lucerna
910 3574 937 3627 in
951 3573 1064 3626 obscuro
1077 3573 1152 3636 loeo,
1172 3572 1257 3626 donec
1270 3571 1328 3627 dies

540 3666 665 3728 lucescat,
676 3672 703 3724 et
715 3664 809 3718 lucifer
819 3665 918 3718 oriatur
933 3664 958 3716 in
971 3663 1095 3718 cordibus
1108 3663 1245 3732 nostris(il
1256 3661 1327 3719 Peli.

539 3771 566 3819 i,
581 3756 636 3826 tt).
651 3756 723 3810 Beati
739 3757 810 3809 enim
832 3756 922 3809 mnndi
938 3755 1034 3821 eorde,
1049 3756 1109 3824 quia
1129 3754 1178 3824 ipsi
1192 3757 1273 3808 [leutii
1286 3754 1328 3809 ιι·

539 3849 650 3903 debunt.
673 3849 746 3903 'lune
762 3849 932 3919 replebuntur
944 3863 977 3903 eu
990 3849 1059 3902 bono
1072 3848 1153 3918 justi,
1174 3849 1244 3919 quud
1258 3864 1328 3906 nnnc

538 3941 659 3995 esuriunt
670 3949 697 3995 et
718 3941 809 3995 sitiunt
823 3939 928 4009 (liuttb.
945 3955 979 4006 ι,
994 3940 1028 4005 8,
1045 3940 1090 4010 6),
1105 3955 1165 3994 eum
1179 3956 1227 4010 per
1248 3940 1327 3997 iidem

509 4094 512 4101 ,
539 4032 705 4087 ambulantes
726 4031 953 4103 peregrinantum
969 4032 1083 4087 Dominu'
1097 4031 1138 4101 (ll
1152 4031 1211 4086 Cor.
1225 4048 1257 4096 ι,
1278 4030 1327 4104 6).

541 4122 615 4178 Unde
628 4130 654 4177 et
667 4123 728 4178 illud
742 4124 848 4191 dieitur,
863 4123 978 4194 lirplebis
989 4140 1028 4177 oie
1039 4123 1126 4178 laetitr'o
1137 4140 1193 4177 curri
1204 4125 1271 4178 esitii
1285 4134 1328 4180 tuo

539 4215 632 4289 (Perii.
656 4232 705 4281 ιι,
722 4218 751 4272 ll
764 4216 784 4287 l.
802 4218 876 4271 blane
896 4217 1019 4271 astabunt
1032 4226 1058 4271 et
1078 4218 1327 4287 contemplabuntur

539 4307 623 4379 (Perii.
638 4326 671 4376 ι,
687 4311 734 4377 5);
749 4319 792 4370 et,
807 4310 874 4363 sieut
886 4310 930 4364 alii
949 4309 1073 4364 dixerunt
1086 4309 1260 4378 interpretes,
1274 4309 1326 4365 Sa-

458 4446 463 4466 ,
535 4403 593 4465 Ιιιίιιι
608 4419 693 4456 suomi
707 4420 780 4456 niune
797 4401 966 4457 misericordia
980 4411 1039 4470 titii,
1063 4414 1125 4458 tuuc
1138 4403 1325 4460 satiabuntur:

538 4493 688 4549 sicutenim
702 4494 764 4549 alibi
777 4495 823 4560 aii,
839 4495 966 4559 satiabor,
982 4495 1042 4547 dum
1057 4495 1254 4564 triariisiutubititr
1268 4496 1325 4566 pio·

537 4591 576 4643 rio
591 4600 633 4644 ittit
646 4590 656 4661 (
669 4588 741 4643 Preti.
760 4605 821 4653 xit,
836 4590 869 4644 t5
880 4592 899 4658 l.
914 4587 990 4642 Unde
1006 4588 1117 4650 dieitur,
1134 4588 1243 4641 Ostende
1256 4592 1326 4646 aubis

539 4681 652 4751 Putrem,
663 4676 780 4750 etiiipicit
794 4680 879 4741 nubis:
887 4689 967 4748 atque
979 4678 1035 4746 ipse
1045 4678 1169 4731 Dominus
1178 4679 1224 4742 ait,
1236 4679 1326 4735 Osteri-

537 4773 596 4824 doai
609 4769 729 4839 iiielpsum
743 4770 782 4823 illi
793 4767 883 4840 (loon.
899 4785 953 4834 ιιι,
965 4768 992 4835 8,
1003 4767 1049 4840 st)
1066 4785 1072 4820 :
1089 4769 1158 4838 quud
1172 4770 1323 4838 (iunuebat,

537 4861 602 4915 nibil
615 4859 677 4915 boni
692 4859 767 4914 nobis
783 4859 897 4923 suiiicit;
913 4873 963 4913 nec
976 4860 1097 4914 suilicere
1110 4860 1204 4922 debet,
1229 4877 1262 4917 ne
1275 4862 1324 4918 de-

537 4951 663 5008 siderium
679 4961 799 5006 nostrum
815 4950 841 5005 in
856 4951 897 5004 iia
911 4959 1061 5015 remaneat,
1076 4951 1145 5021 quud
1159 4951 1243 5006 donee
1265 4969 1325 5024 por-

537 5044 625 5104 ieniat
642 5042 839 5097 extendendam
852 5052 903 5098 est.
919 5041 1019 5112 depleri
1032 5058 1119 5095 iunius
1132 5059 1206 5096 arone
1226 5044 1325 5098 miseri·

536 5134 622 5188 cordio
634 5125 723 5200 tuu5et
734 5134 921 5199 exsultavimus,
933 5143 956 5186 et
967 5133 1100 5202 iuerrriiioti
1111 5135 1217 5187 earinis·
1232 5136 1258 5188 i'n
1271 5152 1325 5189 oui·

537 5226 609 5279 riibiir
621 5224 707 5278 diebus
718 5225 819 5277 austris.
832 5222 892 5277 Dies
906 5223 958 5288 ille,
969 5223 1027 5277 di'es
1038 5232 1079 5277 est
1092 5225 1150 5278 sine
1162 5223 1223 5279 bne.
1239 5224 1324 5283 Simul

536 5327 597 5372 sinit
618 5317 656 5372 illi
671 5331 763 5381 oniiies
784 5317 858 5381 dies;
873 5316 932 5371 ideo
945 5316 1050 5370 satiant.
1067 5315 1122 5369 Nun
1145 5317 1215 5370 enim
1230 5332 1323 5374 suece-

535 5410 658 5465 dentibus
678 5408 792 5471 cedunt,
814 5408 857 5462 ubi
872 5414 979 5462 nonest
997 5407 1095 5477 aliquid
1115 5407 1184 5477 quud
1206 5422 1259 5462 nun
1275 5424 1322 5464 ve·

536 5500 634 5557 aiendo
647 5498 763 5554 nundum
776 5499 826 5568 sit,
842 5507 868 5552 et
881 5497 1012 5552 ueniendo
1028 5497 1083 5566 jain
1098 5512 1150 5552 nun
1165 5497 1208 5552 sit.
1223 5498 1323 5555 Omnes

535 5593 614 5647 siniul
627 5600 698 5657 simi,
707 5589 768 5660 quia
784 5604 851 5644 imus
861 5597 902 5642 est
913 5585 959 5657 qui
972 5583 1024 5642 s'tit
1035 5596 1062 5643 et
1074 5602 1126 5642 nun
1141 5589 1252 5642 transit:
1266 5591 1322 5659 ipsa

536 5694 577 5740 est
589 5683 732 5740 aeternitas.
745 5681 776 5737 lli
788 5691 850 5735 sunt
864 5680 921 5736 dies
933 5679 1072 5749 dequibus
1086 5679 1200 5734 dieitur:
1214 5681 1277 5748 Qar'r
1287 5693 1323 5737 eit

537 5777 609 5830 boma
621 5777 663 5847 piii'
679 5775 732 5830 ruit
749 5775 841 5840 uitam,
856 5783 879 5828 et
893 5773 974 5845 dilipit
987 5772 1070 5830 uidem
1081 5774 1132 5828 dici
1145 5773 1222 5828 donor
1236 5773 1320 5847 (Psoi.

538 5883 627 5933 xxxiii,
643 5868 707 5937 tait
722 5868 752 5923 lli
766 5867 823 5922 dies
836 5876 862 5922 et
876 5866 929 5920 alio
943 5865 1073 5920 loeoanni
1088 5866 1264 5942 appellantur,
1277 5867 1321 5922 ubi

536 5958 591 6012 Deo
601 5959 697 6013 dicitur
708 5977 715 6013 :
727 5958 766 6013 Tu
780 5969 862 6014 autera
873 5959 939 6012 i'deiii
950 5958 1006 6027 ipse
1019 5974 1054 6022 es,
1064 5967 1087 6011 et
1098 5957 1159 6011 onai
1172 5959 1207 6011 tiri
1218 5975 1268 6012 nori
1278 5959 1322 6012 de·

535 6051 629 6119 tieierit.
644 6049 701 6104 Nun
714 6051 784 6105 enini
798 6051 860 6105 anni
873 6060 935 6105 sunt
948 6050 993 6120 qui
1015 6064 1064 6121 pru
1077 6049 1158 6104 nihilo
1170 6047 1318 6114 bibentur,

1146 795 1175 849 S.
1198 789 1380 849 nucbsttttt
1400 790 1549 852 tbsscoet

2092 805 2159 857 ttul

1372 915 1418 961 aut
1430 907 1487 963 dies
1499 917 1561 964 sunt
1573 910 1617 979 qui
1628 910 1695 966 sieut
1709 912 1800 967 umbra
1812 913 2010 969 declinaverunt
2022 915 2105 989 (llicit.
2123 933 2160 973 ci.

1371 997 1424 1065 ⁶28,
1441 999 1486 1070 te)
1502 1018 1510 1055 t
1526 1000 1572 1056 sed
1594 1001 1651 1057 dies
1666 1013 1728 1058 suut
1740 1005 1784 1074 qui
1799 1015 1878 1073 sunt,
1892 1022 2003 1076 quoi-uin
2019 1022 2159 1063 nanterum

1373 1102 1464 1148 nutum
1485 1095 1534 1148 sibi
1550 1094 1607 1151 iteri
1629 1097 1785 1165 precabatur
1798 1099 1842 1168 qui
1861 1098 1982 1163 dicebat,
2007 1099 2104 1154 Notum
2120 1107 2161 1172 [ue

1373 1185 1445 1248 milii,
1455 1183 1571 1251 Domiiir,
1581 1187 1657 1253 fiuent
1670 1204 1751 1241 rrieom
1762 1188 1825 1264 (qua
1836 1190 2014 1258 perveniendo
2028 1207 2161 1258 maiieain,

1373 1284 1401 1329 et
1415 1275 1480 1329 nibil
1496 1277 1606 1331 ulterius
1624 1278 1678 1347 jam
1692 1282 1853 1350 requiram),
1869 1292 1891 1334 ei
1912 1297 2042 1336 rainerum
2065 1285 2164 1339 dierunt

1375 1384 1486 1421 nieorum
1497 1370 1540 1440 qni
1551 1376 1603 1434 ιιι,
1617 1370 1709 1440 utique
1721 1371 1764 1442 pur'
1778 1382 1830 1438 cst,
1844 1388 1897 1428 nun
1910 1375 1955 1443 qui
1968 1391 2018 1429 nou
2035 1386 2084 1431 est.
2096 1379 2163 1445 Quia

1375 1459 1433 1514 dies
1446 1461 1507 1527 isti,
1528 1461 1561 1516 de
1575 1461 1671 1530 quibus
1684 1472 1711 1518 et
1724 1463 1777 1519 illic
1791 1476 1984 1536 consequenter
1996 1468 2076 1537 dicit,
2098 1470 2165 1527 Ecce

1375 1561 1467 1604 uetari
1479 1553 1583 1620 posuisti
1599 1553 1652 1606 diei
1664 1570 1732 1607 mcor
1744 1554 1753 1625 (
1766 1553 1836 1610 Psoi.
1855 1574 1968 1623 ιιιιιιι,
1984 1560 2018 1623 5,
2032 1560 2088 1630 6),
2110 1578 2164 1619 ιιοιι

1376 1651 1454 1706 sinii,
1468 1643 1528 1712 quia
1542 1658 1593 1699 nou
1607 1653 1695 1712 stant,
1719 1661 1770 1700 nou
1784 1657 1907 1713 manent,
1923 1650 2063 1706 celerrima
2076 1665 2164 1708 muta-

1376 1731 1477 1788 bilitate
1492 1742 1689 1801 trariscurrunt;
1701 1751 1750 1792 nee
1765 1753 1815 1793 uua
1829 1739 1893 1795 bora
1906 1740 1932 1794 io
1946 1741 1985 1795 eis
1999 1743 2166 1802 inveniturin

1376 1838 1427 1892 qua
1451 1825 1485 1878 im
1499 1824 1598 1892 simus,
1614 1837 1643 1882 ut
1664 1839 1717 1882 nun
1731 1828 1782 1884 alia
1805 1844 1866 1894 pars
1879 1831 1937 1901 ejus
1952 1835 2101 1904 transierit,
2114 1836 2166 1893 alia

1377 1925 1486 1970 neritum
1500 1917 1552 1984 sit,
1567 1919 1637 1974 nulla
1650 1927 1703 1975 stet
1724 1928 1752 1975 iit
1773 1921 1817 1977 sit.
1834 1922 1873 1977 lili
1886 1932 1973 1980 autem
1986 1927 2048 1981 anui
2068 1939 2095 1983 et
2108 1929 2167 1986 dies

1377 2023 1430 2063 nun
1450 2010 1585 2077 deficiunt,
1601 2013 1732 2084 inquibus
1745 2031 1794 2070 iiec
1807 2031 1856 2071 uus
1869 2015 2032 2083 deficiemus,
2047 2021 2093 2076 sed
2107 2024 2167 2092 sine

1377 2102 1480 2158 delectu
1490 2105 1647 2161 reficiemur.
1658 2102 1886 2164 Eniestuetamma
1896 2120 1985 2165 nostra
1997 2112 2100 2168 illorum
2110 2115 2167 2172 die·

1378 2211 1436 2248 rum
1449 2196 1598 2265 desiderio,
1613 2199 1685 2254 sitiat
1698 2201 1823 2258 ardenter
1843 2212 1921 2274 atque
1934 2204 2121 2276 vehementem
2138 2220 2168 2265 ut

1378 2285 1433 2341 illie
1441 2286 1601 2356 repleamur,
1610 2288 1644 2345 ibi
1652 2292 1789 2356 satiemur,
1799 2293 2038 2366 ibidieamusquud
2048 2299 2090 2355 bie
2098 2316 2167 2371 pne-

1378 2375 1490 2432 dieiruiis
1500 2397 1506 2431 z
1518 2378 1610 2433 Satiati
1623 2387 1965 2441 remurmuremiieri'coriir'o
1980 2397 2069 2454 tiio,·et
2082 2391 2168 2445 easil-

1379 2469 2168 2541 riiimiiinrjoiiiiuin'taurominitanidieiuiioiiri'i.tir-

1379 2560 1425 2612 triti
1437 2577 1522 2617 samue
1536 2580 1582 2632 pru
1592 2563 1772 2638 diebusquiiitr
1781 2584 1826 2622 aar
1841 2569 1988 2638 buntiliuiti,
1997 2574 2168 2643 aaniiqiiiius

1378 2650 1485 2706 vidintur
1499 2655 1576 2710 molo.

1415 2745 1457 2801 ld.
1474 2743 1548 2818 [aar.
1565 2747 1620 2822 tu]
1636 2750 1710 2805 Nunc
1723 2760 1811 2807 autem
1826 2754 1852 2807 in
1875 2752 1968 2810 diebus
1980 2754 2067 2812 adhuc
2088 2759 2167 2829 inali-

1378 2837 1437 2906 gnis
1450 2837 1567 2895 dieamus
1578 2840 1649 2912 quud
1663 2843 1782 2914 sequitur
1794 2863 1800 2897 :
1813 2843 1846 2897 Et
1859 2845 1954 2916 respice
1962 2846 1990 2900 iii
2003 2864 2086 2903 seruos
2099 2859 2167 2915 tuos,

1378 2936 1402 2980 et
1414 2928 1441 2981 iri
1452 2945 1528 2999 opero
1542 2939 1593 2984 tio.
1603 2929 1655 3003 ipsi
1669 2933 1739 2989 enini
1748 2936 1817 2989 servi
1831 2936 1867 2990 tul
1881 2951 1962 3006 opera
1976 2945 2020 2993 tua
2032 2948 2104 3005 sunt,
2114 2956 2167 2996 nun

1379 3017 1464 3074 sulum
1477 3029 1505 3074 ut
1518 3019 1640 3078 homines
1654 3025 1718 3093 sint,
1732 3024 1779 3081 sed
1792 3028 1872 3082 etiam
1885 3037 1914 3082 ut
1926 3029 1979 3084 sint
1993 3032 2063 3086 serii
2078 3033 2124 3097 tui,
2142 3034 2167 3090 id

1378 3117 1420 3163 est
1431 3109 1584 3168 obedientes
1594 3114 1675 3184 jussis
1690 3117 1750 3171 tiiis.
1770 3117 1853 3188 lpsins
1865 3121 1934 3174 enim
1948 3135 2041 3177 sumus
2055 3122 2167 3194 signien-

1380 3206 1444 3264 tum,
1459 3215 1511 3255 nun
1525 3202 1611 3258 solum
1626 3205 1651 3258 in
1664 3204 1759 3272 Adam,
1771 3208 1817 3263 sed
1833 3210 1911 3264 etiam
1925 3213 2008 3267 creati
2023 3214 2047 3267 in
2061 3213 2168 3270 Cliristu

1379 3291 1458 3356 tear,
1473 3293 1499 3348 in
1518 3296 1642 3365 operibus
1655 3297 1747 3364 banis,
1767 3316 1827 3370 quae
1842 3305 2000 3371 praeparavit
2015 3305 2084 3361 Deus
2098 3315 2127 3362 ut
2142 3309 2168 3362 in

1379 3384 1430 3438 illis
1441 3385 1606 3441 ambulemus
1614 3385 1721 3458 (uptiis.
1736 3406 1766 3457 ιι,
1776 3387 1830 3466 tt).
1841 3392 1911 3448 Deus
1918 3403 1961 3449 est
1972 3397 2042 3451 enim
2051 3398 2095 3467 qui
2104 3413 2169 3467 ope-

1380 3484 1453 3529 ratur
1466 3475 1492 3528 in
1507 3477 1583 3532 uubis
1595 3487 1622 3534 et
1634 3480 1701 3535 relle
1714 3490 1741 3536 et
1752 3484 1856 3552 operari
1868 3524 1875 3548 ,
1887 3500 1936 3555 piu
1948 3486 2017 3541 buna
2032 3489 2167 3546 rulunmte

1380 3565 1506 3638 (Plii‘lr'pp.
1522 3585 1557 3634 ii,
1574 3570 1628 3643 ιδ).
1644 3571 1676 3626 Et
1689 3573 1769 3643 diripe
1783 3575 1849 3644 filios
1862 3592 1949 3632 corum
1964 3595 1974 3633 .·
1989 3576 2016 3632 iit
2031 3580 2084 3633 sint
2102 3582 2168 3637 recti

1379 3659 1469 3726 eorde,
1479 3661 1573 3730 quibus
1581 3662 1667 3718 buirus
1677 3675 1718 3721 est
1728 3666 1808 3722 Deus.
1819 3669 1987 3724 Bonusenim
1998 3671 2065 3726 beas
2075 3671 2167 3738 lsrael,

1379 3750 1426 3805 sed
1438 3753 1515 3807 rectis
1523 3753 1613 3809 eorde.
1622 3754 1678 3810 Nun
1687 3757 1756 3812 sieut
1767 3758 1860 3813 iileeui
1869 3761 1994 3815 commoti
2004 3772 2066 3817 sunt
2075 3764 2167 3834 pedes,

1379 3840 1439 3909 quia
1463 3856 1554 3910 pacem
1578 3855 1746 3915 peecatorum
1761 3849 1871 3904 intuenti
1894 3851 2036 3921 displicere
2050 3844 2169 3924 creperet

1380 3931 1466 3999 Deus,
1481 3935 1556 4004 quasi
1569 3935 1617 3990 ista
1636 3939 1774 4006 nesciens,
1791 3942 1864 4011 qnasi
1885 3942 1934 3998 ista
1947 3958 2000 3998 nun
2014 3960 2128 4011 curans,
2142 3958 2170 4001 et

1379 4024 1413 4080 ab
1426 4023 1532 4085 bomani
1549 4030 1653 4098 generis
1666 4030 1874 4100 gubernatione¹
1891 4033 2061 4090 dissimulans
2081 4035 2167 4106 (Perii.

1379 4131 1467 4180 titan,
1485 4117 1569 4189 ili).

1415 4207 1457 4263 tt.
1472 4207 1546 4281 [aere.
1562 4208 1616 4282 ιι]
1629 4210 1660 4265 Et
1670 4213 1702 4266 ait
1714 4213 1832 4282 splendor
1846 4213 1948 4269 Doniini'
1960 4214 2007 4271 Dei
2025 4221 2104 4273 riustri
2122 4237 2167 4274 rit·

1379 4315 1424 4368 per
1438 4316 1492 4354 rios.
1507 4299 1583 4356 Unde
1595 4302 1709 4369 dicitur,
1725 4305 1860 4376 Sipontum
1880 4316 2003 4378 estsuper
2017 4326 2062 4365 noe
2082 4311 2169 4368 iumen

1377 4392 1461 4447 tultus
1471 4394 1517 4461 tui,
1534 4394 1639 4450 Durriae
1652 4394 1735 4467 (Paul.
1751 4414 1786 4463 ιι,
1798 4399 1836 4468 t).
1852 4398 1884 4452 Et
1895 4415 1972 4469 opero
1984 4418 2104 4456 ariminum
2119 4422 2167 4458 iio·

1377 4492 1486 4537 eborum
1497 4484 1575 4556 diripe
1586 4503 1662 4556 sapei·
1674 4503 1719 4542 nui
1729 4503 1738 4540 :
1748 4498 1775 4542 ul
1786 4505 1837 4542 nun
1850 4503 1879 4543 ea
1890 4504 1938 4559 pru
1950 4506 2037 4545 rerum
2047 4500 2169 4570 terrena-

1378 4590 1436 4630 rum
1452 4578 1573 4633 mercede
1592 4576 1717 4658 bicipitis
1734 4598 1741 4645 ;
1757 4590 1819 4634 trine
1833 4581 1903 4636 enirn
1916 4597 1969 4636 non
1982 4582 2102 4648 directa,
2119 4587 2167 4641 seil

1377 4682 1456 4723 curva
1476 4677 1546 4723 sunt.
1558 4669 1614 4724 llue
1625 4686 1707 4740 iisque
1720 4673 1848 4740 psabnuin
1862 4673 1940 4727 istum
1963 4675 2038 4729 multi
2061 4665 2167 4732 codices

1378 4759 1475 4814 babent
1485 4777 1492 4825 ;
1503 4761 1549 4815 sed
1560 4762 1586 4815 in
1599 4763 1733 4824 nonnullis
1747 4764 1842 4834 legitur
1858 4765 1927 4820 alius
1939 4766 2047 4822 ultimus
2060 4785 2165 4836 vermis,
2205 4775 2207 4777 ’

1377 4850 1412 4905 Ut
1424 4869 1488 4923 opas
1504 4870 1622 4908 munitum
1635 4866 1776 4910 trostroritni
1789 4857 1877 4928 diripe.
1891 4856 1938 4912 Cui
1949 4861 2035 4914 versui
2055 4862 2167 4933 ittttgin·

1378 4952 1418 5000 tes
1436 4955 1463 5000 et
1480 4945 1550 5000 ducti
1573 4956 1720 5017 praenotant
1742 4949 1861 5014 stellam,
1876 4966 1943 5020 qnos
1956 4952 2100 5007 asteriscus
2116 4971 2164 5006 vo-

1377 5044 1456 5103 cant,
1471 5037 1565 5105 quibus
1588 5038 1736 5109 significant
1754 5055 1784 5095 ea
1807 5053 1865 5110 quae
1880 5043 1905 5097 in
1920 5043 2026 5098 liebreu
2049 5046 2092 5098 iel
2106 5047 2165 5103 aliis

1376 5126 1566 5197 interpretibus
1579 5130 1671 5200 graecis
1686 5131 1862 5200 reperiuntur,
1878 5134 1904 5187 in
1917 5134 2086 5205 Septuaginta
2099 5145 2163 5194 veru

1377 5218 1592 5289 interpretatione
1608 5236 1661 5275 nun
1685 5230 1755 5275 suut.
1771 5222 1854 5287 Quem
1881 5239 1987 5279 rursum
2001 5226 2024 5280 si
2051 5227 2165 5284 rubinos

1376 5327 1519 5381 exponere,
1531 5312 1557 5366 id
1571 5313 1634 5367 inibi
1646 5314 1855 5369 videtui-babere
1864 5317 2012 5382 sententiar,
2026 5320 2096 5388 quud
2108 5337 2166 5374 oni-

1375 5403 1420 5460 nia
1439 5405 1508 5460 bonu
1529 5420 1608 5475 opera
1629 5415 1729 5471 nestra,
1745 5422 1825 5460 unum
1848 5422 1916 5475 opus
1941 5419 1982 5463 est
2003 5409 2163 5467 charitatis:

1375 5494 1511 5565 plenitudo
1525 5495 1595 5551 enini
1609 5495 1686 5566 Legis
1698 5497 1811 5552 ebaritas
1836 5496 1921 5567 (ilarii.
1938 5513 1984 5552 ιιιι
2000 5541 2007 5562 ,
2025 5500 2081 5567 ib).
2097 5499 2167 5559 Nam

1375 5588 1512 5657 superiore
1531 5603 1610 5643 versu
1626 5602 1685 5641 eum
1708 5587 1827 5650 dixisset,
1844 5587 1877 5640 Et
1891 5606 1968 5656 opero
1985 5607 2105 5644 oionuurri
2119 5609 2166 5643 no-

1375 5688 1482 5733 strerum
1496 5679 1577 5750 diripe
1588 5696 1664 5750 super
1684 5696 1750 5744 aor,·
1765 5682 1815 5735 isto
1838 5682 1930 5737 ultimo
1946 5699 1998 5737 nun
2013 5701 2102 5752 opero,
2116 5686 2164 5741 sed

1374 5787 1438 5842 opus
1455 5773 1520 5827 diiii
1533 5789 1651 5826 ninnium
1663 5783 1806 5827 riustruriim
1818 5774 1898 5846 diripe
1911 5791 1920 5829 :
1932 5784 2056 5846 tanquam
2070 5781 2164 5833 ultimo

1375 5881 1452 5920 versu
1465 5865 1557 5920 rolens
1570 5866 1711 5921 ostendere
1724 5868 1780 5938 ipsa
1790 5883 1870 5937 opera
1879 5885 1960 5923 unum
1974 5885 2041 5938 opus
2054 5886 2125 5938 esse,
2138 5865 2172 5927 td

1374 5967 1425 6022 est,
1440 5957 1561 6011 adunam
1573 5957 1734 6028 opiisdirigi.
1749 5958 1898 6014 Tuneeniin
1910 5969 1980 6013 reeta
1996 5971 2058 6013 sunt
2068 5977 2162 6030 opera,

1372 6062 1433 6102 cum
1444 6049 1476 6101 ad
1488 6048 1558 6103 bunc
1571 6065 1650 6103 unum
1665 6049 1744 6104 briem
1757 6050 1921 6121 diriguntur:
1937 6049 1997 6105 sniis
2010 6053 2079 6105 enirn
2091 6068 2161 6122 prai-

1297 6183 1304 6197 .
1373 6142 1442 6212 cepti
1456 6153 1496 6197 est
1508 6124 1622 6197 ebaritas
1633 6141 1666 6196 de
1679 6140 1760 6197 corde
1770 6157 1845 6211 puro,
1859 6152 1885 6195 et
1900 6142 2061 6196 conscientia
2079 6143 2161 6210 lirina,

565 6209 576 6244 ι
592 6207 633 6256 tile
643 6205 669 6254 ln
682 6202 738 6252 fild.
750 6202 852 6260 etrtitur,
864 6201 980 6264 romeam
986 6215 996 6265 ;
1007 6202 1070 6267 quud
1081 6214 1095 6252 a
1106 6208 1157 6251 tiss.
1171 6200 1247 6253 abuit.

565 6270 575 6300 l
594 6267 674 6318 t’litres
685 6273 749 6326 uss,
756 6263 869 6316 deiectmi
879 6275 968 6315 rmum.

1405 6257 1413 6288 ¹
1431 6253 1613 6320 retorquentes,
1623 6263 1645 6308 ct
1654 6259 1684 6306 iit
1695 6256 1798 6306 burrum
1809 6253 1959 6326 peroratione
1966 6256 2128 6311 dimidiatio.
2169 6252 2172 6259 ’
