5400 7059
1162 772 1191 827 S.
1211 768 1393 830 tucbsrtlu
1410 769 1563 829 belsebul

555 782 624 841 lm
2111 781 2177 840 titt

552 911 638 956 strunt
651 896 822 955 exerciteritls
833 895 853 959 ¹,
866 902 893 950 et
912 891 962 948 boc
979 890 1064 946 solum
1076 887 1198 946 amittere
1211 886 1336 946 timueri·
1391 887 1456 957 ipse
1470 889 1547 959 panis
1559 888 1604 946 die
1621 903 1653 947 ac
1670 900 1764 959 nocte,
1786 892 1849 950 dum
1866 893 1966 951 dieitur
1979 893 2026 951 tibi
2040 896 2177 967 aeolidis,

553 996 599 1057 tie,
612 1006 662 1048 nec
674 987 823 1046 invidebitis
833 984 1002 1042 felicitatibus
1014 981 1137 1049 terrenis,
1150 988 1178 1036 ct
1192 980 1265 1035 illam
1277 977 1337 1035 feli·
1391 977 1489 1036 litteo
1508 980 1578 1038 beer
1591 985 1667 1040 tuuc!
1688 984 1741 1042 Sed
1756 987 1844 1042 reniet
1858 987 1928 1044 beus
1941 997 2013 1055 tuus,
2024 988 2059 1045 dc
2071 1004 2126 1060 quo
2138 989 2178 1045 di·

552 1085 659 1139 citatcm
676 1094 766 1136 reram
779 1077 938 1152 sperabitis,
952 1084 980 1131 et
1001 1074 1076 1130 critis
1097 1073 1123 1128 ln
1143 1073 1202 1143 ejus
1223 1086 1336 1143 corpore
1388 1071 1467 1137 citur,
1484 1072 1533 1129 tili
1543 1076 1599 1130 eat?
1612 1086 1640 1131 et
1654 1077 1787 1149 absterget
1803 1079 1933 1152 iacrymas
1947 1080 2038 1154 (Αρεε.
2050 1099 2115 1152 m,
2128 1084 2178 1153 dl,

552 1172 595 1227 cul
613 1178 746 1236 cantatur,
760 1167 833 1224 beau
849 1183 934 1224 omnes
955 1164 998 1236 md
1019 1165 1105 1219 timeat
1124 1162 1279 1227 ficariorum,
1293 1162 1337 1234 qui
1388 1172 1415 1217 ει
1427 1163 1483 1234 lpse
1495 1179 1544 1235 pro
1557 1181 1625 1234 nanc
1637 1166 1813 1240 lacrymarum
1825 1171 1960 1237 antecedet,
1974 1183 2001 1228 et
2013 1183 2040 1229 te
2051 1174 2078 1228 iu
2091 1183 2171 1231 mter·

550 1262 680 1317 condolent
693 1260 720 1315 t'rr
732 1260 778 1315 ciis
792 1260 856 1332 ejus.

585 1371 629 1429 lb.
649 1371 759 1428 dederet
772 1376 899 1444 [mutuum
912 1381 1013 1424 tuorum
1027 1368 1198 1423 munducabis.
1210 1367 1233 1424 0
1246 1382 1302 1431 ros.
1318 1383 1335 1424 o

550 1472 590 1531 tu,
605 1478 654 1520 uos
667 1463 742 1518 multi
755 1463 800 1534 qui
812 1475 881 1518 unus
892 1451 968 1529 estis,
982 1459 1079 1514 laborer
1091 1459 1219 1530 [metuunt
1234 1468 1334 1512 tuorum

549 1555 722 1610 aranducobir.
740 1553 820 1621 Quasi
833 1567 959 1624 peruerse
971 1549 1076 1606 uidetur
1087 1549 1177 1606 dicere
1192 1564 1246 1604 non
1258 1548 1335 1604 intel·

551 1647 716 1717 ligentibus:
733 1646 824 1705 debuit
845 1645 915 1701 enim
936 1644 1041 1709 dicere,
1061 1642 1187 1698 Fructum
1212 1642 1338 1697 laborum¹

551 1750 656 1795 ttrirrum
672 1738 853 1794 manducabis.
875 1737 947 1792 llulti
961 1736 1031 1792 enim
1045 1735 1204 1790 tutandueant
1218 1733 1332 1789 fructum

551 1831 671 1885 laborum
684 1845 803 1886 suorum.
818 1828 989 1884 laborantia
1004 1828 1095 1891 vitrea,
1111 1827 1196 1897 ipsura
1216 1825 1333 1880 laborem

550 1935 604 1976 nou
617 1920 791 1986 amundus-anu
806 1920 853 1975 scd
866 1919 936 1989 «ruod
954 1919 988 1977 de
1008 1918 1099 1974 labore
1114 1919 1230 1988 ipsrirurn
1246 1916 1334 1972 nasci·

551 2022 608 2078 tur,
627 2011 796 2067 manducant.
820 2008 954 2066 Laborant
966 2009 1036 2065 circa
1050 2009 1159 2065 arbores
1172 2007 1331 2078 pomiferas,

549 2102 610 2172 ariis
624 2102 765 2158 manducet
779 2100 901 2156 laborcsl
915 2099 967 2156 Sed
983 2099 1054 2170 qrrod
1075 2099 1128 2154 illae
1141 2099 1251 2154 arbores
1261 2107 1334 2153 attu-

549 2193 639 2257 lerint,
656 2191 756 2248 fructus
769 2191 877 2256 laboris,
893 2191 949 2262 ipse
960 2190 1089 2263 jucundat
1102 2191 1254 2261 agricolam.
1265 2188 1332 2257 Quid

549 2287 599 2343 sibi
613 2289 679 2354 uult,
692 2287 801 2343 Labores
815 2290 941 2359 fructuum
953 2298 1051 2343 tuorum
1062 2286 1244 2342 manducabis?
1257 2286 1334 2342 blodo

549 2379 655 2434 labores
669 2378 815 2444 babemus,
836 2377 937 2433 fruetus
958 2388 1050 2449 postea
1073 2378 1133 2434 erit.
1158 2377 1210 2433 Sed
1227 2378 1288 2447 quia
1307 2387 1334 2432 et

550 2469 599 2540 ipsi
615 2469 720 2525 labores
731 2486 785 2525 non
800 2478 862 2525 sunt
876 2470 934 2525 sinc
945 2468 1057 2540 gaudio,
1074 2479 1182 2539 propter
1193 2484 1285 2538 spem,
1301 2468 1334 2525 de

1388 1268 1450 1309 num
1465 1256 1610 1326 saginabit3
1624 1260 1685 1329 quia
1698 1260 1749 1315 erit
1765 1261 1904 1323 uobiscum
1917 1264 2027 1319 verbum
2045 1265 2109 1328 liei.
2123 1281 2180 1337 otro

1388 1357 1532 1415 pascuntur
1549 1350 1654 1420 Aureli.
1677 1349 1784 1408 interint
1804 1352 1884 1409 modo
1905 1354 2011 1411 labores
2023 1354 2178 1431 fruetuum,

1388 1449 1479 1508 postea
1493 1441 1593 1497 fructus
1606 1441 1714 1499 laboris.
1725 1443 1835 1502 Loium
1847 1450 1975 1517 fructicem
1990 1458 2092 1503 termut
2105 1467 2180 1506 nusa-

1387 1528 1507 1597 ducobir,·
1521 1533 1606 1590 beatos
1615 1552 1650 1600 et,
1662 1544 1686 1589 et
1697 1534 1759 1591 dene
1769 1536 1815 1591 tibi
1826 1538 1881 1590 erit.
1895 1535 2045 1607 flecteres,
2061 1541 2095 1597 de
2110 1557 2179 1613 pne·

1387 1624 1454 1677 scuti
1468 1636 1525 1687 est:
1540 1624 1601 1680 brae
1613 1624 1657 1680 rili
1671 1629 1727 1691 erit,
1741 1627 1774 1692 de
1785 1626 1873 1684 futuro
1885 1640 1926 1686 cst
1938 1649 1944 1684 ι
1958 1646 2018 1686 curn
2030 1635 2179 1691 manducas

1387 1714 1491 1771 labores
1504 1715 1636 1772 fructuum
1652 1728 1772 1784 tuorum,
1788 1719 1874 1776 beatus
1885 1737 1929 1785 er,'
1943 1737 2003 1777 cum
2021 1724 2179 1792 perveneris

1386 1804 1419 1859 ad
1441 1804 1555 1861 fructum
1576 1807 1695 1863 laborum
1728 1817 1850 1872 tuorunt,
1874 1809 1934 1866 benc
1962 1811 2007 1866 riti
2028 1814 2086 1867 erit.
2107 1814 2179 1884 Quid

1385 1895 1468 1951 dixit?
1480 1897 1546 1952 llam
1560 1898 1581 1952 si
1595 1898 1663 1954 bene
1677 1900 1723 1954 tibi
1736 1902 1797 1964 erit,
1815 1902 1906 1971 utiquc
1919 1901 2012 1957 beatus
2025 1905 2097 1970 eris;
2114 1907 2177 1961 etti

1387 1986 1479 2044 beatus
1495 1990 1563 2056 eris,
1580 1989 1647 2046 bene
1662 1994 1752 2063 rurique
1771 1994 1816 2048 tibi
1831 1995 1892 2050 erit.
1906 1993 1958 2050 Sed
1975 1997 2088 2053 interest
2108 1997 2179 2054 inter

1385 2081 2178 2156 spcmctrem.Slspestamdolcis,quant0rcsdulciorerit!

1422 2170 1531 2225 ll.lanr
1540 2173 1675 2228 veniamus
1683 2172 1715 2227 ad
1724 2174 1798 2236 illud,
1810 2173 1881 2229 fluor
1889 2176 2057 2232 tumClrrlsto
2066 2179 2177 2235 dicitur.

1386 2258 1536 2330 Ergouxor
1554 2261 1628 2331 ejus,
1641 2263 1759 2319 Ecclesia
1782 2264 1855 2335 ejus;
1872 2265 1990 2321 Ecclesia
2017 2269 2096 2336 cius,
2111 2285 2180 2324 usur

1384 2350 1459 2419 ejus,
1474 2368 1522 2408 nos
1537 2353 1596 2422 ipsi.
1609 2353 1760 2420 Sicntaiaco
1774 2356 1872 2426 [erilis.
1886 2356 1937 2411 Sed
1950 2358 1974 2410 in
1985 2359 2083 2428 qrribus
2098 2361 2178 2416 vinea

1385 2441 1498 2499 fertilis?
1512 2445 1635 2501 l'ideums
1646 2447 1715 2502 cuim
1728 2448 1841 2516 parietes
1852 2448 1916 2504 istos
1931 2438 2061 2504 intrantes
2077 2453 2180 2509 multus

549 2577 601 2632 qu,
616 2563 694 2633 paulo
708 2572 770 2619 ,ΜΘ
780 2563 906 2627 dmum,
919 2562 972 2634 Spe
980 2563 1127 2635 qaudam,
1136 2563 1163 2616 fn
1174 2560 1335 2618 ,mm-m
1385 2535 1504 2637 steriles:
1520 2535 1640 2600 ridemus
1660 2538 1721 2606 quia
1747 2538 1812 2592 istos
1835 2539 1948 2609 parietes
1977 2541 2077 2597 intmrrt
2101 2543 2179 2599 multi

467 2667 471 2677 .
550 2655 691 2726 pamm
704 2655 784 2710 modo
798 2670 847 2711 nos
860 2655 911 2725 5955
923 2655 1029 2710 labores
1043 2656 1124 2709 now,
1137 2654 1293 2724 jucundam,
1307 2662 1335 2709 e,
1385 2625 1496 2689 ebrrosr,
1506 2625 1668 2681 feneratores
1677 2669 1686 2692 ,
1695 2644 1848 2698 niaiigunes,
1861 2642 2009 2700 quarentes
2020 2634 2177 2705 sortilegus,

550 2746 625 2802 lm
642 2761 691 2802 nos
707 2744 809 2802 facium
820 2745 854 2802 de
867 2761 925 2816 spe·
940 2745 967 2800 53
980 2759 1044 2817 ergo
1057 2745 1133 2801 labor
1145 2754 1237 2801 mle,
1249 2745 1335 2816 pomi,
1385 2723 1478 2771 εειιιεε
1503 2716 1536 2772 ad
1565 2729 1743 2788 promitteret
1764 2729 1791 2775 ει
1812 2724 2044 2791 prmcantutriccs,
2067 2727 2178 2796 quaudo

549 2837 712 2904 manducari,
727 2847 754 2895 ει
769 2841 853 2908 potuit
864 2837 1027 2908 iucundam
1041 2834 1214 2893 manducatus
1233 2837 1333 2892 fructus

550 2931 633 3001 ipsius
644 2930 743 2986 laboris
755 2929 840 3000 qualis
854 2930 921 2985 eritl
934 2928 1127 2985 Manducabunt
1139 2928 1245 2984 labores
1259 2942 1332 2994 suos,

549 3022 594 3091 bui
607 3030 692 3077 cunta
701 3019 769 3075 ibam
780 3030 803 3075 et
812 3020 915 3091 flebunt,
924 3021 1049 3074 omittentes
1060 3020 1155 3074 aeneiae
1165 3026 1335 3089 suu:quanto

547 3110 690 3182 jucundius
700 3110 895 3166 manducabunt
904 3109 1005 3166 fructus
1013 3109 1145 3176 laborum,
1155 3109 1200 3180 qui
1211 3111 1334 3164 uerriortes

549 3201 647 3256 mntem
668 3218 725 3257 cem
751 3201 933 3266 msulmtioae,
956 3209 1083 3271 portantes
1108 3200 1251 3271 manipulos
1276 3214 1335 3254 tuor

551 3290 636 3358 (Ptol.
651 3291 796 3365 cxxr‚·6)f
811 3293 844 3347 Et
858 3301 886 3346 ut
899 3292 1044 3359 noveritis,
1059 3290 1165 3360 fratres,
1181 3291 1241 3363 quia
1257 3307 1333 3346 man-

548 3384 661 3441 ducatur
681 3384 756 3439 labor
776 3384 843 3451 istc,
859 3384 885 3439 iu
900 3383 1039 3454 superiore
1050 3383 1158 3453 ¹psalmo
1170 3383 1280 3438 audistis
1292 3381 1334 3437 di·

549 3484 621 3533 ctum
634 3477 772 3548 superbis,
785 3477 904 3549 quiante
919 3477 1006 3532 luceru
1018 3476 1142 3532 nolebant
1159 3490 1287 3546 surgere,
1308 3475 1334 3530 id

550 3576 665 3625 estante
676 3569 822 3634 Christum,
831 3584 883 3623 non
895 3582 942 3638 per
958 3567 1205 3638 humilitatemque
1217 3565 1335 3621 surrexit

548 3659 687 3724 filtristus;
701 3659 801 3715 dictum
816 3668 856 3715 εει
870 3659 931 3725 illis,
944 3658 1048 3729 Surqite
1062 3667 1224 3729 posteaquem
1236 3658 1336 3713 redistis

550 3750 635 3821 (Psoi.
647 3766 736 3816 caxvt,
745 3750 774 3822 ι)
788 3768 795 3805 t
807 3750 833 3805 id
846 3760 896 3816 εει,
911 3749 1095 3815 humiliamini,
1107 3758 1133 3804 et
1146 3749 1207 3804 inde
1219 3750 1333 3821 surgite3

549 3841 652 3913 uuiaet
666 3842 712 3897 ille
725 3841 857 3896 humiliari
871 3842 953 3908 venit,
967 3841 1012 3912 qui
1027 3841 1160 3896 exaltatus
1171 3849 1213 3897 est
1226 3851 1336 3910 propter

549 3947 607 3988 ros.
623 3932 657 3987 Et
671 3931 734 4004 quid
746 3931 845 3987 dictum
859 3930 917 3986 est?
930 3931 981 4000 Qui
994 3930 1152 3985 nmarducotr'r
1164 3947 1255 4000 punem
1267 3930 1335 3986 defo-

549 4024 595 4079 ris.
609 4023 660 4079 lste
672 4030 714 4079 cst
728 4023 803 4078 laltor
815 4022 964 4087 fructuum,
982 4020 1056 4093 nanis
1066 4021 1177 4077 doloris.
1194 4021 1248 4078 Nisi
1263 4023 1334 4078 enim

551 4113 765 4181 manducaretur,
781 4129 833 4169 non
844 4113 1082 4186 dicereturnauis:
1096 4114 1146 4169 nisi
1154 4123 1243 4169 autern
1256 4115 1349 4171 lube--

550 4214 592 4260 ret
603 4205 719 4276 aliquam
732 4204 889 4260 suavitatem
904 4205 979 4275 paruis
989 4206 1059 4269 istc,
1071 4219 1150 4260 neruo
1164 4204 1238 4260 illum
1259 4221 1336 4261 man·

550 4295 669 4351 ducaret.
680 4296 746 4351 Cum
757 4304 855 4367 quanta
866 4297 998 4351 suauitate
1008 4297 1019 4328 ²
1030 4296 1117 4366 plorat
1130 4297 1155 4352 in
1168 4298 1279 4367 gemitu,
1290 4299 1334 4368 qui

549 4389 625 4441 orati
639 4387 774 4443 bulciores
784 4397 846 4443 sunt
859 4389 982 4460 lacrynrae
992 4389 1134 4455 orantium,
1148 4403 1227 4459 quam
1241 4390 1335 4459 gaudia

552 4479 726 4535 theatrorum.
742 4479 776 4535 Et
790 4479 851 4536 audi
866 4479 999 4536 flammam
1014 4480 1150 4545 desiderii,
1163 4496 1215 4551 qua
1225 4481 1337 4536 turaridu·

551 4580 628 4627 catrrr
639 4573 696 4642 ipse
709 4572 793 4641 partis,
805 4572 838 4626 dc
849 4586 902 4642 quo
914 4572 957 4627 bic
969 4573 1043 4636 dicit,
1058 4571 1108 4639 Qut
1120 4573 1277 4628 murmuratis
1291 4591 1337 4643 pu·

552 4677 609 4715 nem
622 4662 727 4716 dolone.
745 4662 806 4717 atio
819 4663 879 4718 loco
891 4663 955 4718 dicit
967 4678 1060 4718 amans
1074 4665 1141 4731 istc,
1155 4664 1231 4735 cujus
1244 4681 1335 4721 rocem

552 4751 579 4808 fn
603 4751 710 4809 Psalmo
731 4753 886 4823 plerummre
905 4755 1093 4823 agnoscimus:
1105 4754 1193 4811 Fuctoe
1204 4767 1261 4811 anrrt
1276 4758 1338 4811 atrilii

553 4845 673 4917 ιειεεηιε
685 4861 748 4900 merc
761 4848 835 4917 punis
848 4847 888 4902 die
901 4865 932 4900 ue
944 4857 1024 4904 uncte.
1041 4848 1116 4905 Unde
1131 4851 1205 4906 facte
1220 4865 1282 4908 sunt
1297 4854 1336 4907 la-

553 4952 652 5008 crymsc
663 4937 756 5008 puniet
771 4936 839 4993 bum
852 4940 943 4993 dicitur
954 4940 1016 4993 milri
1029 4942 1149 5011 quotidie,
1161 4942 1209 4997 litt
1223 4953 1259 4998 est
1272 4943 1338 4998 ὓεει

554 5043 612 5085 taur
631 5029 713 5101 (Psoi.
730 5047 790 5096 atr,
806 5032 851 5102 dl?
866 5034 1013 5102 Antequam
1031 5035 1101 5088 coint
1121 5035 1257 5091 videamus
1276 5047 1336 5092 cum

552 5123 598 5192 qni
613 5139 662 5178 uos
674 5121 775 5189 dilexit,
789 5124 832 5194 qni
846 5124 922 5178 nobis
933 5123 1027 5195 pignus
1037 5124 1119 5191 dedit,
1132 5126 1174 5180 cui
1185 5125 1337 5193 desnousati

556 5229 665 5279 nutrius,
682 5214 810 5268 insultant
830 5215 907 5271 nubis
927 5214 1041 5287 Pagaul‚
1057 5226 1084 5270 ct
1102 5213 1194 5269 dicunt
1207 5232 1213 5267 :
1228 5214 1276 5271 Ubi
1297 5227 1338 5270 est

556 5305 626 5378 quiid
637 5305 728 5361 colunt
737 5303 898 5360 Cimisliani?
908 5304 1054 5361 Ostendant
1066 5306 1141 5360 nobis
1149 5322 1226 5376 quem
1238 5307 1337 5361 colunt.

556 5403 624 5458 Ecce
635 5415 685 5470 ego
696 5398 808 5452 ostendo
821 5398 874 5452 illis
890 5397 972 5453 [leura
987 5413 1085 5462 mcum,
1098 5409 1125 5453 et
1137 5398 1186 5469 ipsi
1198 5399 1340 5455 ostendant

556 5493 619 5548 inibi
637 5492 718 5548 [leuno
730 5504 817 5546 surum.
828 5489 893 5545 Cum
905 5491 951 5545 tibi
966 5491 1015 5546 boc
1025 5490 1088 5546 dicit
1099 5505 1224 5562 ungarius,
1237 5505 1289 5545 non
1301 5491 1341 5545 in·

555 5585 630 5640 certis
642 5583 713 5655 quod
729 5582 765 5636 illi
780 5581 921 5647 ostendam
936 5583 1064 5652 quianon
1079 5593 1120 5638 cst
1138 5583 1181 5637 eui
1201 5583 1334 5638 ostendas

556 5677 638 5734 liudis
651 5692 732 5750 crgo,
747 5686 775 5733 et
789 5675 891 5746 plangis
902 5674 934 5729 ed
951 5676 1050 5742 ileum;
1063 5677 1125 5747 quia
1145 5677 1182 5732 illi
1203 5678 1339 5747 srrsniras,

557 5778 698 5837 autequam
713 5767 819 5831 rideas,
839 5774 867 5822 et
879 5764 1011 5821 desiderio
1024 5765 1107 5835 ipsius
1119 5767 1220 5836 gemis;
1236 5776 1263 5822 et
1279 5767 1339 5838 quia

558 5856 584 5909 io
597 5857 681 5927 insius
691 5857 824 5913 desiderio
839 5856 937 5927 ploras,
954 5856 1045 5911 dulces
1059 5865 1161 5912 suntet
1176 5858 1240 5928 ipsu
1253 5858 1341 5928 lucry-

559 5961 627 6013 ma,
647 5958 675 6002 et
695 5963 744 6018 pro
756 5950 816 6005 cibo
832 5948 878 6003 tibi
893 5956 987 6015 crunt,
1003 5948 1064 6018 qrria
1079 5947 1153 6004 facta
1168 5960 1229 6004 euru
1251 5949 1295 6005 tibi
1315 5958 1342 6004 ct

590 6102 599 6137 ⁸
611 6099 795 6162 mutronensi..
807 6103 933 6155 erexeritis

589 6166 600 6197 ¹
613 6176 662 6211 arur.
675 6167 711 6230 rr.
724 6169 749 6210 ct
761 6162 871 6224 clerique
883 6174 946 6226 tiss,
964 6177 1034 6215 acmo
1043 6163 1111 6215 illum
1121 6163 1277 6217 tamrdttcuret
1289 6178 1342 6216 currt

556 6234 623 6283 irritu
634 6229 757 6274 attutuftrlr.
771 6223 856 6279 tlurur,
871 6241 916 6275 eie.

1385 2806 1437 2861 illis
1459 2817 1538 2876 canut
1561 2808 1642 2862 dolet.
1664 2809 1715 2864 ista
1737 2818 1778 2865 cst
1805 2810 1927 2868 fertilitas
1940 2814 2044 2870 vitreae?
2058 2817 2108 2870 ista
2136 2827 2180 2875 c=t

1386 2898 1491 2954 ubertas
1502 2900 1610 2955 uxoris?
1621 2900 1679 2955 Non
1704 2903 1759 2972 ipsa
1772 2911 1822 2957 εει.
1850 2905 1908 2958 istae
1929 2907 2011 2974 spinae
2033 2920 2097 2962 suot
2110 2913 2178 2974 ,sed

1385 3004 1438 3043 nrm
1453 2990 1549 3060 ubique
1561 2991 1691 3061 spinosa.
1703 2992 1786 3047 liabet
1799 2995 1937 3064 qrramdam
1955 2996 2136 3068 fertilitatem,
2150 3013 2179 3058 ει

1386 3089 1426 3135 εει
1439 3082 1515 3136 vinca
1537 3083 1646 3148 fertilis:
1662 3085 1709 3139 scd
1729 3085 1755 3139 in
1777 3087 1894 3156 uiribus?
1909 3084 1942 3140 fu
1953 3088 2178 3148 luteribusdomnr

1386 3180 1445 3226 tutu.
1459 3171 1518 3227 Nun
1531 3188 1624 3230 omues
1641 3173 1766 3230 dicuntur
1779 3176 1860 3230 latera
1874 3177 1977 3232 dorrrus.
1994 3180 2092 3246 Quuro
2103 3186 2176 3236 rnim

1385 3282 1444 3336 qino
1461 3266 1514 3320 sint
1535 3266 1637 3322 latera:
1652 3267 1714 3336 quid
1739 3266 1845 3322 dicam?
1865 3269 1982 3324 Parietes
2008 3283 2084 3338 scrut,
2095 3277 2173 3342 mersi

1386 3358 1588 3428 lapidesfurtesl
1602 3358 1630 3414 Si
1644 3358 1678 3415 de
1692 3359 1744 3414 boe
1757 3359 1906 3415 habitaculo
1917 3365 2047 3432 corporali
2057 3365 2173 3432 dicerer,

1386 3450 2176 3525 fortunaeintelligeremustmera.Lateradieimusdnmus,

1386 3545 1487 3617 eosqui
1502 3545 1633 3600 inherent
1646 3544 1763 3601 cbristo.
1777 3545 1835 3602 Nou
1851 3547 1921 3601 cnim
1939 3548 2086 3604 sinerausa
2108 3560 2138 3606 et
2150 3552 2178 3605 in

1386 3651 1509 3691 sermone
1519 3637 1671 3706 quietidiauo
1682 3636 1794 3691 dicimus
1807 3637 1953 3709 dealiquo,
1966 3639 2011 3709 qui
2024 3640 2094 3695 forte
2109 3641 2178 3696 ιιιιΙε

1386 3730 1440 3799 agit
1452 3745 1484 3783 ex
1499 3729 1625 3783 anulorum
1635 3729 1753 3784 consiliis
1765 3730 1927 3796 amicorum;
1947 3731 1981 3787 de
1993 3732 2039 3787 illo
2050 3732 2177 3801 dicimus,

1386 3821 1454 3876 blala
1470 3822 1550 3885 latera
1562 3820 1652 3876 babet.
1667 3820 1735 3891 Quid
1744 3831 1800 3889 est,
1815 3822 1881 3878 Mala
1895 3823 1976 3879 latera
1999 3823 2177 3883 babetfllalf

1387 3915 1424 3970 illi
1448 3914 1587 3969 inlrmrcnt.
1612 3915 1680 3986 Ergo
1702 3915 1776 3972 etde
1800 3916 1871 3984 alio,
1886 3916 1957 3971 llona
1970 3917 2052 3973 latera
2078 3918 2176 3976 babet:

1387 4005 1464 4060 bonnis
1482 4007 1599 4061 consiliis
1623 4006 1696 4060 ritit.
1710 4005 1779 4073 Quid
1803 4016 1844 4062 est
1871 4005 2034 4064 fructuariis
2057 4010 2177 4067 conciliis

1388 4098 1497 4168 regitur.
1515 4098 1584 4167 Ergo
1607 4099 1689 4153 lutera
1710 4098 1805 4154 doinus
1828 4109 1890 4154 sunt
1915 4099 1952 4155 illi
1975 4103 2020 4171 qui
2043 4098 2176 4160 inficerent

1387 4188 1505 4244 Clrristo.
1520 4188 1575 4244 Nec
1589 4189 1648 4244 sine
1660 4204 1739 4244 causa
1755 4202 1780 4245 et
1793 4191 1848 4258 insa
1862 4192 1958 4262 conjux
1967 4192 2002 4249 de
2014 4194 2098 4250 latere
2107 4192 2175 4251 facta

1388 4289 1439 4336 est.
1453 4279 1516 4335 Viro
1525 4279 1688 4346 dormiente,
1703 4281 1755 4334 Eua
1770 4283 1837 4336 facta
1853 4291 1895 4338 est
1916 4281 1991 4357 (Gen.
2005 4299 2040 4352 tr,
2053 4284 2100 4350 2l,
2113 4284 2174 4356 st).

1389 4373 1519 4427 moriente
1532 4370 1655 4434 Christo.
1667 4372 1783 4427 Ecclesia
1798 4372 1865 4428 ficta
1878 4385 1933 4429 est:
1947 4385 1974 4430 ει
1988 4376 2030 4431 illa
2043 4374 2079 4432 dc
2094 4379 2176 4433 latere

1389 4463 1455 4530 riri,
1468 4477 1528 4517 cum
1544 4471 1616 4518 costa
1643 4462 1760 4518 detracta
1782 4479 1840 4530 cst;
1854 4474 1881 4521 et
1893 4465 1941 4521 ista
1965 4466 2000 4522 de
2012 4467 2096 4523 latere
2108 4467 2158 4523 riri
2166 4508 2175 4536 ,

1389 4551 1495 4623 ornando
1509 4553 1577 4607 latus
1602 4552 1694 4608 lancea
1714 4568 1866 4624 percussum
1884 4566 1925 4610 est
1944 4553 2175 4628 (duaa.xrn,51).

1389 4656 1415 4702 ει
1432 4647 1602 4702 Sacramenta
1614 4647 1806 4721 prufluxeruut.
1824 4650 1893 4720 Ergo
1915 4667 1979 4704 usur
1992 4661 2037 4705 tna
2051 4662 2080 4705 ut
2101 4653 2175 4707 nrm

1390 4739 1490 4810 fertilis.
1503 4737 1555 4793 Sed
1570 4739 1596 4792 in
1618 4739 1734 4809 nuribus?
1756 4738 1789 4792 lu
1813 4739 1931 4794 luteribus
1954 4740 2044 4794 domur
2061 4743 2135 4795 tuoe'.
2149 4740 2177 4796 ln

1389 4830 1448 4884 aliis
1459 4830 1503 4900 quii
1517 4845 1569 4884 non
1580 4829 1718 4885 adbaerent
1732 4827 1859 4897 Christo,
1872 4830 1978 4885 stcrllis.
1988 4829 2040 4885 Sed
2055 4846 2105 4886 acc
2118 4831 2178 4889 itus

1390 4921 1415 4974 in
1430 4920 1505 4975 vinea
1519 4922 1687 4989 computabo.

1426 5013 1470 5068 tl.
1487 5012 1548 5067 Filii
1561 5015 1605 5067 toi.
1620 5013 1685 5080 Quae
1704 5023 1745 5067 ost
1769 5029 1847 5077 uxor,
1864 5013 1912 5082 insi
1941 5021 2003 5067 struit
2026 5021 2055 5067 εῑ
2076 5011 2134 5068 filii.
2149 5012 2178 5068 ln

1391 5104 1449 5158 istis
1460 5105 1609 5159 carnalibus
1625 5105 1722 5172 nttptiis
1735 5113 1762 5158 ct
1773 5105 1917 5173 conjugiis,
1933 5104 1983 5157 alia
2000 5120 2067 5158 uum
2085 5113 2113 5159 et
2134 5105 2180 5160 alii

1392 5196 1436 5250 ilii
1452 5213 1459 5248 ι
1478 5197 1502 5249 iu
1517 5195 1634 5250 Ecclesia
1653 5212 1712 5265 oute
1732 5211 1808 5262 uxor,
1831 5194 1879 5263 insi
1897 5195 1953 5249 filil.
1969 5194 2008 5248 ud
2030 5194 2180 5249 Ecclesiam

1391 5290 1461 5343 cuim
1482 5289 1646 5360 pertinebant
1660 5287 1777 5356 :irruistoll
1790 5329 1797 5350 ,
1808 5295 1835 5340 ct
1849 5286 1873 5339 in
1898 5285 2035 5356 triembris,
2050 5284 2181 5340 Ecclesiae

1392 5389 1477 5433 cram.
1493 5379 1561 5446 Ergo
1586 5381 1610 5430 in
1622 5376 1733 5447 conjuge
1745 5377 1825 5445 insius
1839 5385 1931 5440 eraut,
1945 5383 1972 5429 et
1990 5373 2086 5444 conjux
2102 5384 2182 5430 eruut

1393 5469 1536 5524 sccumlmn
1553 5471 1699 5537 portionem
1712 5482 1786 5521 suum
1802 5482 1880 5536 quarn
1895 5466 1921 5520 in
1935 5465 2060 5519 membris
2072 5466 2183 5520 obtine·

1393 5563 1465 5617 bant.
1481 5562 1568 5628 Quare
1589 5576 1651 5630 crgo
1674 5559 1707 5613 de
1730 5559 1780 5612 illis
1797 5558 1892 5612 dicitur
1907 5557 1988 5611 :Cum
2007 5557 2140 5609 rccesscrt't
2152 5557 2184 5610 ub

1393 5655 1429 5707 cr'c
1440 5669 1557 5722 sponsus,
1571 5649 1787 5720 furrcjuy'mrubunt
1794 5649 1841 5717 filii·
1851 5649 1937 5718 sportsr'
1946 5646 2051 5720 (diutile.
2061 5663 2099 5707 tx.
2120 5647 2184 5714 l5l?
2210 5682 2213 5687 -

1395 5743 1466 5813 Ergo
1491 5742 1549 5812 ipse
1567 5741 1678 5809 coniux,
1694 5752 1719 5792 ci
1733 5741 1782 5808 insi
1799 5737 1866 5792 lilii&
1880 5736 1974 5792 Mirum
1997 5736 2073 5803 dico,
2086 5736 2185 5792 fraires

1395 5838 1457 5893 ruci.
1474 5835 1500 5888 ln
1516 5836 1602 5889 uerbis
1618 5833 1720 5888 bomiri
1735 5833 1883 5887 iuveniums
1898 5830 2043 5885 Ecclesiam
2053 5827 2186 5884 ctfratres

1396 5930 1478 6000 ipsius
1491 5942 1567 5991 esse,
1582 5936 1609 5980 ut
1621 5939 1727 5979 sorores
1738 5924 1819 5993 ipsius
1834 5939 1911 5988 εεεε,
1925 5933 1953 5977 ει
1971 5931 2084 5977 matrem
2101 5920 2186 5992 ipsius

1428 6047 1435 6073 ¹
1450 6040 1561 6102 clerique
1572 6047 1634 6096 lusu,
1646 6036 1688 6088 aed
1699 6049 1746 6087 aon
1754 6035 1848 6098 uuluae.
1861 6037 1983 6097 subrosorn
1994 6033 2074 6094 lrubel,
2087 6042 2137 6086 etc.

1428 6105 1438 6136 ¹
1449 6104 1493 6173 utic
1513 6108 1550 6150 tr.
1570 6109 1595 6150 ει
1613 6108 1667 6150 lun.
1685 6100 1791 6158 addunt,
1811 6097 1837 6148 id
1855 6107 1889 6148 unt
1907 6097 1931 6148 in
1951 6095 1980 6147 iis
1999 6095 2041 6158 urii
2058 6095 2188 6146 atterent

1397 6164 1578 6286 (irriguum
1589 6232 1657 6284 l'cn,
1668 6222 1720 6285 t'trcu
1732 6221 1783 6281 atii,
1834 6229 1862 6270 ll.
