5400 7059
578 500 737 785 ,β

569 850 679 898 'umnam
702 838 892 895 haereditatem.
917 834 1000 899 Quam
1025 830 1225 887 hereditatem?
1240 827 1289 882 ilbi
1311 826 1359 881 de-

575 943 695 987 struetur
712 931 798 983 ‹tntuls
821 935 988 997 potentatus,
1003 935 1029 978 et
1046 925 1132 976 ‹tnrrtis
1143 931 1274 991 potestas,
1285 929 1314 974 ut
1326 919 1360 973 sit

575 1022 648 1082 licus
660 1024 746 1079 otntnia
759 1023 785 1076 in
796 1021 918 1076 ouruibus
937 1021 946 1087 (
960 1018 968 1070 l
982 1018 1039 1071 Cor.
1056 1031 1098 1076 xv,
1111 1015 1147 1070 28
1168 1012 1188 1086 ).
1204 1013 1244 1068 td
1258 1011 1308 1066 boc
1330 1025 1360 1065 se

575 1126 730 1179 servantes,
744 1122 770 1167 et
784 1111 927 1167 buccardo
943 1109 1168 1177 contemplantes,
1191 1112 1219 1160 et
1232 1102 1318 1166 adbuc
1332 1102 1358 1154 iu

575 1207 628 1262 ttde
642 1210 650 1238 ¹
666 1207 825 1267 retinentes,
842 1216 870 1259 et
882 1186 909 1257 ut
921 1203 1025 1256 sitleam
1042 1201 1235 1270 perdurantes,
1249 1213 1300 1250 nan
1309 1210 1359 1250 ex·

577 1297 690 1353 tendunt
713 1312 803 1350 atauus
824 1313 882 1350 enm
906 1297 931 1347 in
953 1294 1117 1362 iniquitatem.
1131 1289 1196 1344 Nam
1209 1289 1231 1342 si
1253 1287 1359 1341 uideant

574 1389 636 1458 quia
648 1402 755 1456 semper
768 1395 810 1442 est
833 1387 904 1453 uirga
921 1395 1087 1455 peccatorum
1106 1396 1186 1445 supter
1199 1393 1296 1434 sortem
1314 1378 1358 1447 ju-

573 1487 689 1542 storum,
702 1477 818 1548 cogitant
831 1477 898 1546 apud
911 1492 951 1541 se,
962 1483 988 1528 et
999 1474 1090 1529 dieunt
1102 1491 1108 1522 .·
1124 1471 1191 1538 Quid
1202 1471 1265 1526 mibi
1277 1472 1357 1540 prnd-

573 1577 616 1624 est
648 1569 709 1638 qnia
730 1569 816 1636 iustus
840 1567 920 1621 sunt?
956 1565 1066 1633 Seutper
1091 1564 1154 1617 nritnt
1180 1561 1359 1617 dominabitur

572 1661 697 1730 iniquus,
710 1670 736 1714 et
748 1676 855 1730 semper
866 1674 959 1713 sersus
972 1658 1039 1712 ertu?
1062 1657 1166 1711 Faciam
1191 1672 1254 1725 ergo
1268 1664 1294 1709 et
1308 1670 1358 1722 ego

573 1751 740 1822 iniquitatem
753 1769 760 1814 ς
775 1753 836 1822 quia
852 1751 915 1803 nibil
931 1749 1038 1819 prodest
1061 1757 1152 1802 tencre
1164 1747 1303 1814 justitiam.
1319 1745 1358 1799 Ne

573 1849 664 1898 autem
685 1841 833 1901 bocdicat.
849 1841 995 1894 insinnatur
1009 1839 1044 1892 illi
1061 1839 1144 1901 ludes,
1160 1838 1220 1907 qtda
1234 1836 1266 1890 ad
1289 1847 1357 1889 temb

575 1946 627 2006 pus
640 1942 726 2002 potest
749 1946 809 1985 esse
827 1933 898 2001 uirga
913 1941 1081 1999 peecatorum
1108 1942 1191 1996 snper
1202 1937 1299 1981 sontem
1316 1927 1357 1991 ju-

572 2038 697 2079 storum:
722 2039 773 2077 uon
795 2039 854 2077 eam
880 2022 1000 2091 relinquet
1025 2019 1146 2073 bonitium
1170 2033 1245 2087 super
1266 2028 1356 2070 sortem

570 2114 696 2186 §utimum
709 2154 716 2176 ,
731 2121 757 2165 ut
771 2130 821 2167 nou
842 2113 975 2167 extendant
984 2112 1048 2182 justi
1058 2112 1083 2164 iu
1096 2111 1250 2179 inquientem
1267 2125 1356 2162 ritanus

572 2220 633 2259 attat
643 2222 654 2271 ,·
666 2206 713 2260 sed
728 2213 836 2260 teneant
849 2205 882 2259 ab
892 2205 1028 2275 iniquitate
1042 2220 1134 2257 manus
1144 2217 1221 2265 suas,
1235 2210 1262 2254 et
1273 2204 1356 2254 lerant

572 2296 753 2367 iniquitatem,
770 2314 821 2350 nnn
837 2297 941 2352 iaciant.
956 2295 1049 2351 ilelius
1060 2295 1181 2348 esteuim
1203 2293 1355 2360 intinnstitiam

571 2388 643 2445 ferre
656 2407 734 2461 qnam
748 2390 843 2445 lacere.
859 2390 934 2446 Unde
948 2405 999 2443 uon
1013 2403 1118 2457 semper
1132 2387 1202 2443 erit?
1216 2386 1282 2454 Quia
1305 2403 1355 2439 nun

507 2529 511 2536 .
571 2481 725 2551 derelinquet
739 2482 861 2537 Dominus
873 2484 967 2553 uirqaut
990 2490 1147 2551 peecatorum
1169 2495 1245 2546 super
1264 2487 1355 2532 sortem

569 2572 706 2646 justorum.

601 2646 630 2718 b.
646 2659 720 2734 [aas.
734 2662 761 2728 ι,
775 2660 814 2734 5.]
838 2662 892 2716 iioc
904 2663 1020 2732 coquam
1035 2662 1078 2731 qni
1101 2661 1165 2715 recti
1180 2671 1240 2713 snut
1253 2659 1351 2723 eorde,

570 2753 712 2825 dequibus
730 2754 882 2823 pauloante
901 2755 973 2816 elixi,
996 2755 1040 2823 qui
1061 2753 1221 2807 sulttntatem
1239 2753 1283 2806 ilci
1308 2768 1352 2806 se·

568 2855 695 2917 tqttumur,
709 2862 761 2901 aon
775 2847 1029 2901 voluntatemsnam.
1043 2847 1094 2901 Sed
1104 2846 1148 2914 qni
1161 2846 1171 2877 ¹
1183 2846 1254 2914 sequi
1270 2844 1351 2898 Duum

567 2938 675 3005 solunt,
692 2937 790 2993 iaciunt
800 2937 872 2991 iilum
887 2937 1079 3005 praet-edentem
1092 2978 1099 2997 ,
1113 2945 1180 2990 etse
1195 2945 1350 3005 sequentes:

567 3042 622 3081 non
635 3038 724 3082 autem
745 3042 774 3082 se
788 3028 985 3096 precedentes,
1001 3038 1027 3081 ct
1047 3028 1120 3081 iilum
1135 3036 1287 3096 sequentem
1303 3043 1309 3078 :
1325 3037 1353 3081 et

568 3118 596 3174 iu
607 3121 729 3174 otrtnibus
739 3134 799 3174 eum
812 3118 909 3172 brnmur
920 3119 1070 3183 intendunt,
1084 3118 1141 3172 sine
1153 3119 1349 3182 ernendantem,

567 3208 624 3264 sire
638 3209 829 3274 consolantem,
844 3210 900 3263 sine
914 3217 1091 3268 exercentem,
1103 3210 1159 3262 siue
1168 3218 1348 3270 coronantem,

567 3299 624 3356 sire
639 3309 812 3370 purgantem,
828 3299 884 3353 sine
897 3299 1104 3362 illuminantem,
1119 3300 1188 3352 sient
1207 3300 1350 3368 apostulus

567 3388 621 3456 sit,
636 3389 735 3444 Seianus
747 3390 865 3456 quonium
878 3388 1036 3458 diliqentidus
1051 3389 1150 3452 Dentri,
1165 3390 1248 3444 omnia
1262 3408 1350 3460 coope-

566 3481 689 3535 ranturtn
703 3479 794 3533 itanum
805 3478 815 3550 (
827 3480 899 3534 llotn.
926 3495 979 3543 uu,
999 3479 1034 3535 28
1049 3479 1070 3548 i.
1095 3480 1126 3534 b't
1140 3480 1200 3535 ideo
1219 3482 1347 3551 sequitur,

566 3567 694 3642 Beuesar,
710 3570 835 3634 Domine,
855 3573 943 3635 lauis,
957 3582 983 3645 et
999 3573 1072 3626 rectis
1085 3574 1170 3626 eorde.

601 3662 644 3717 id.
660 3662 733 3717 Sicut
747 3672 834 3716 autem
850 3663 963 3717 declinat
978 3678 992 3717 a
1007 3663 1091 3725 malo,
1115 3673 1142 3718 et
1166 3663 1226 3718 lacit
1249 3648 1346 3718 bntmm

565 3760 655 3809 tectus
677 3753 758 3807 corde
772 3751 782 3825 (
796 3751 869 3808 Psoi.
884 3769 981 3818 xxxvi,
1002 3754 1037 3806 rt
1051 3754 1069 3820 i,
1089 3756 1150 3822 aquia
1172 3771 1223 3808 utut
1239 3763 1306 3808 zelat
1322 3759 1346 3808 iu

566 3843 765 3912 quttcatoribus,
795 3859 887 3913 pacem
911 3857 1079 3914 pcccatorum
1114 3846 1246 3914 intuens(
1274 3846 1346 3900 l’rnl.

566 3949 656 3998 ιιιιι,
678 3933 728 4006 3);
754 3936 793 3988 sic
814 3937 886 4003 prasi
904 3937 992 3991 cut-dis
1003 3936 1023 4000 ³,
1047 3937 1091 4006 qui
1107 3937 1302 3992 scandalizatur
1321 3941 1346 3992 iu

564 4023 614 4079 tiis
627 4025 728 4079 bernuini
740 4067 747 4092 ,
761 4026 902 4081 declinata
918 4029 987 4092 ileo,
1000 4037 1026 4082 et
1038 4027 1100 4082 lacit
1110 4029 1224 4096 malum,
1239 4039 1265 4085 et
1277 4030 1347 4084 ines-

565 4126 639 4172 catur
652 4117 794 4172 dulcedine
818 4118 923 4182 saeculi,
939 4128 966 4173 et
980 4134 1010 4173 ca
1027 4118 1182 4188 illaqueatus
1205 4126 1233 4174 et
1254 4130 1347 4190 eaptus

567 4226 672 4266 amaras
689 4226 779 4278 immas
800 4212 858 4265 luit.
876 4211 1023 4266 Declinanti
1039 4222 1126 4267 autem
1141 4227 1155 4265 a
1173 4213 1245 4277 Deo,
1271 4213 1347 4282 cujus

563 4299 729 4371 aliscipliuatu
754 4304 824 4355 lerrc
849 4302 949 4367 noluit,
974 4302 1003 4356 lit
1023 4303 1060 4356 iili
1088 4303 1272 4371 perjudicium
1296 4305 1344 4361 itei

465 4378 469 4386 ’
564 4405 641 4446 uerus
655 4392 764 4463 laquens
777 4392 840 4447 laisa
852 4395 981 4448 urniorum
998 4393 1118 4448 [elicitas.
1133 4395 1207 4450 Unde
1217 4398 1345 4450 cntuinuo

563 4485 696 4555 subjungit
712 4505 719 4541 ε
736 4486 894 4541 declinantes
908 4498 990 4541 autent
1013 4488 1039 4541 in
1063 4489 1286 4557 stranqttlatt'ottem
1299 4489 1345 4543 nt·

563 4574 636 4632 tlttcet
651 4575 662 4607 ⁸
675 4576 799 4631 Dominus
819 4595 875 4630 cnm
887 4581 1046 4649 operantibus
1059 4580 1206 4650 injustitiam
1221 4597 1231 4634 .·
1246 4581 1343 4644 idest,

563 4684 675 4735 equorum
700 4668 768 4723 lacta
794 4670 886 4723 inuitati
909 4680 986 4732 sunt:
1003 4672 1063 4742 quia
1086 4688 1177 4727 carum
1200 4683 1344 4742 praesentes

563 4758 667 4814 laetitias
678 4770 851 4822 amaverunt,
870 4771 896 4815 et
909 4760 993 4816 lutura
1008 4763 1134 4833 supplicia
1156 4779 1209 4819 nou
1223 4764 1344 4820 credide·

562 4857 634 4904 runt.
649 4850 698 4917 Qni
711 4866 774 4920 ergo
786 4851 852 4905 recti
868 4863 929 4906 sunt
943 4853 1042 4916 corde,
1065 4864 1091 4908 et
1116 4871 1166 4909 non
1190 4855 1342 4922 declinant,

561 4940 624 5010 quid
639 4941 782 4996 iubebunt?
795 4940 852 4997 lam
862 4942 999 4997 sentiamus
1008 4943 1040 4996 ad
1051 4943 1134 5013 ipsam
1149 4945 1342 5014 haereditatem,

560 5031 674 5099 iratres,
690 5034 751 5104 quia
774 5033 820 5087 lilii
842 5048 942 5089 sumus.
965 5035 1033 5102 Quid
1054 5036 1264 5105 possidebimus?
1284 5026 1343 5110 qum

561 5121 775 5177 esthareditas?
801 5140 861 5193 quae
887 5127 969 5194 patria
996 5129 1106 5181 nostra?
1127 5128 1191 5199 quid
1213 5132 1343 5185 tucatur?

560 5210 626 5267 Pau.
650 5213 701 5268 Per
713 5213 782 5268 hanc
796 5231 842 5270 sos
857 5217 1018 5285 salutamus,
1031 5218 1098 5273 itane
1112 5220 1186 5275 robis
1201 5223 1342 5275 armantia·

560 5320 638 5374 ttius,
656 5307 723 5361 bane
749 5307 893 5375 suscipiunt
913 5319 1035 5375 montes,
1062 5319 1089 5364 et
1107 5311 1190 5366 celles
1213 5312 1341 5379 iustitiam

559 5390 662 5464 (Paul.
687 5413 766 5463 ntxt,
793 5399 844 5470 5).
875 5399 930 5467 ipsa
956 5408 998 5454 est
1023 5398 1167 5454 Christus:
1191 5399 1252 5470 lpse
1277 5404 1342 5455 enim

559 5500 596 5544 ert
610 5507 662 5561 pau
675 5502 778 5557 trustra,
802 5492 843 5559 qui
859 5493 915 5562 [ecit
938 5503 1042 5561 utruque
1066 5509 1161 5558 uttrttn,
1184 5503 1206 5546 et
1233 5494 1342 5548 untedium

560 5584 679 5654 parietem
699 5586 815 5637 utncert'oe
827 5583 898 5637 soluit
924 5583 1040 5655 (Eplter.
1065 5600 1093 5650 tt,
1118 5586 1184 5656 id).
1203 5586 1268 5655 Quia
1295 5587 1341 5641 tttit

590 5740 599 5771 ¹
610 5744 657 5788 tou
669 5774 677 5798 ,
687 5745 709 5788 et
720 5738 764 5788 boc
784 5751 807 5788 tu
818 5736 868 5802 lide
879 5752 888 5789 .·
898 5738 1097 5789 dissentientibus
1107 5740 1162 5789 rud.
1173 5740 1226 5790 aliis
1235 5748 1260 5790 et
1272 5749 1324 5790 ιε.

589 5801 662 5848 itm.
676 5807 712 5848 Fr.
725 5811 750 5850 et
761 5800 853 5863 aliquot
864 5809 915 5850 tiss.
933 5802 1054 5861 omittunt,
1071 5802 1114 5852 sed
1133 5802 1175 5866 qui
1187 5815 1195 5852 :
1206 5802 1245 5852 alli
1258 5803 1341 5866 plures

556 5856 581 5909 id
593 5860 691 5917 babent.
701 5863 745 5911 sul
757 5876 805 5912 nou
814 5860 994 5932 adtluntmeqnl.

590 5922 649 5970 'tte
668 5931 694 5972 et
711 5931 755 5973 tot·
772 5940 778 5974 :
801 5934 838 5973 rac
849 5923 998 5982 praticorum
1008 5930 1056 5981 eet,
1078 5924 1127 5985 qar‘.
1146 5924 1274 5983 tarticnla,
1288 5933 1338 5984 est,

558 5992 608 6031 uon
618 5987 739 6044 conteritur
749 5987 812 6047 aqrttd
830 5995 879 6050 sm.
892 5998 974 6048 aerque
985 5988 1008 6035 iu
1022 5994 1073 6034 uss.
1085 6000 1187 6048 qttorum
1199 5985 1272 6049 aliqui
1284 6002 1338 6036 cum

556 6053 607 6093 utu.
620 6043 717 6099 balneat,
728 6045 893 6109 praticorduts
907 6061 915 6097 :
928 6055 953 6096 et
964 6047 1069 6109 quidam,
1081 6061 1167 6107 pratus
1178 6050 1258 6097 corde.

588 6114 599 6135 ⁴
609 6116 657 6152 um.
671 6113 706 6170 ιῑι.
718 6117 743 6155 et
754 6107 863 6166 plerique
874 6116 938 6165 tiss..
956 6108 982 6158 itt
1003 6109 1209 6171 strunqnlatr'anun
1224 6110 1337 6160 adducet·

551 6170 582 6226 ,ιι
591 6167 659 6230 ιιι,
670 6170 777 6220 maucet.
787 6177 858 6221 crae.
870 6176 923 6219 ιιι
935 6169 1030 6235 emaci.

1192 716 1221 772 S.
1242 708 1421 770 dUtil'S'Hiii
1443 711 1591 771 cutscort

2045 716 2196 775 .lddfi

1414 837 1521 887 strutus,
1536 826 1716 885 lta-reditatum
1743 831 1905 888 babebimus.
1923 834 1956 889 Et
1974 833 2037 905 quid
2060 835 2199 891 vocalium

1413 914 1469 984 ipsa
1485 915 1645 986 beneditus,
1661 923 1710 975 nisi
1726 922 1792 990 par?
1805 923 1837 978 Et
1860 924 1948 981 ridete
1961 925 2022 996 quia
2031 925 2197 982 exheredati

1413 1017 1474 1061 suut
1486 1008 1530 1076 qui
1543 1024 1593 1062 nou
1611 1021 1701 1066 utttaut
1715 1028 1805 1081 pacem
1822 1032 1828 1067 :
1844 1032 1896 1070 nou
1921 1025 2009 1070 tttttetu
2033 1027 2124 1072 entant
2148 1033 2196 1087 ps·

1412 1113 1489 1166 cem,
1512 1101 1557 1170 qni
1571 1101 1691 1157 dividunt
1706 1106 1842 1160 unitatem.
1863 1106 1917 1163 Pax
1938 1109 2071 1178 possessio
2091 1110 2195 1178 piarum

1412 1199 1472 1254 est,
1494 1191 1625 1259 possessio
1639 1192 1781 1249 baercdnut.
1797 1197 1829 1251 Et
1841 1198 1885 1267 qni
1896 1208 1957 1254 suut
1969 1198 2110 1255 heredes?
2123 1200 2146 1256 1¹⁸
2148 1201 2194 1255 iiii.

1411 1279 1509 1335 Audite
1522 1281 1689 1352 Evangelium
1705 1283 1794 1340 :Beati
1814 1289 1932 1358 pacifici,
1946 1291 2065 1359 quoniam
2083 1291 2133 1361 ipsi
2148 1291 2195 1360 pilii

1412 1368 1459 1423 ttet
1477 1373 1627 1426 notabuntur
1641 1373 1651 1444 (
1666 1374 1758 1430 ιιιιιιι.
1774 1393 1800 1442 a,
1812 1378 1828 1432 9
1840 1381 1859 1447 i.
1881 1379 1977 1436 Audite
1995 1388 2023 1437 et
2043 1382 2195 1438 conclusio

1411 1477 1471 1516 nem
1486 1463 1562 1533 liujus
1580 1465 1690 1534 psalmi:
1707 1466 1764 1522 Pax
1775 1487 1850 1539 super
1870 1470 1961 1527 iarael.
1977 1473 2080 1539 lsrael,
2095 1474 2195 1532 Videas

1411 1554 1511 1620 Deum;
1525 1557 1689 1627 ierusalem,
1714 1560 1785 1616 i'isiu
1808 1565 1879 1632 pacis
1901 1567 2098 1636 interpretatur.
2115 1568 2194 1623 littel-

1410 1647 1474 1719 ligat
1487 1649 1608 1706 Citaritas
1630 1663 1717 1709 vestra
1741 1671 1748 1707 :
1775 1655 1854 1710 lsrael
1877 1657 2077 1728 interpretatur,
2094 1661 2193 1717 videns

1411 1740 1510 1808 Beuum
1535 1743 1681 1800 Jerusalem
1707 1747 1916 1816 interpretatur,
1940 1749 2011 1805 i'isio
2032 1752 2117 1821 pacis.
2143 1752 2192 1818 Qu

1410 1848 1460 1886 nort
1471 1834 1687 1888 catumaueltuntrtr
1698 1835 1725 1889 in
1739 1846 1859 1891 atemere
1870 1839 1883 1890 l
1897 1838 1948 1904 Qut
1960 1840 2103 1897 innabitat
2114 1841 2191 1897 Jeru-

1409 1921 1496 1975 salem.
1511 1922 1567 1977 Nou
1581 1926 1818 1981 cuntmorebuntar
1835 1943 1899 1999 crgo
1922 1929 1948 1983 iit
1972 1939 2121 1999 aeternum,
2147 1935 2191 2003 qui

1410 2010 1555 2065 iubabitant
1570 2013 1699 2068 visionem
1715 2016 1796 2082 pacis.
1814 2016 1847 2071 Et
1860 2034 1911 2087 pax
1923 2034 1998 2090 super
2010 2017 2107 2076 lsrael
2123 2022 2191 2092 Ergo

1409 2102 1488 2157 israel
1501 2105 1545 2172 qui
1565 2105 1657 2160 tideus
1678 2104 1760 2161 [lcum
1777 2118 1834 2169 est.
1849 2110 1942 2165 uidens
1965 2125 2058 2180 picem
2078 2124 2144 2170 est:
2166 2125 2200 2170 et

1409 2193 1465 2263 ipsc
1474 2192 1553 2249 lsrael
1566 2205 1606 2249 cst
1615 2204 1642 2250 et
1651 2196 1875 2268 lernsainnuqnia
1887 2201 2122 2271 populusiiiebei‚
2135 2205 2194 2275 ipss

1408 2294 1449 2339 εει
1463 2285 1555 2340 civitas
1567 2287 1624 2342 bei.
1639 2288 1667 2343 Si
1679 2305 1743 2360 erqo
1755 2291 1847 2346 rideas
1861 2307 1965 2362 pacetu,
1981 2294 2033 2350 boc
2045 2306 2087 2351 est
2099 2297 2202 2355 videtu

1409 2375 1505 2440 lienum
1521 2378 1616 2431 nterim
1627 2387 1654 2432 et
1668 2379 1735 2433 [teus
1750 2380 1805 2449 ipse
1817 2391 1858 2435 est
1871 2396 1931 2452 par.
1961 2383 2031 2452 Erro
2043 2385 2106 2456 quia
2120 2386 2203 2441 Citri-

1406 2473 1464 2518 stus
1476 2462 1557 2521 Filius
1569 2467 1616 2522 Ilei
1630 2483 1680 2537 pax
1691 2480 1749 2534 est,
1770 2471 1830 2526 idco
1843 2474 1914 2527 uenit
1923 2473 2049 2545 colligere
2063 2490 2149 2544 suos,
2167 2489 2204 2534 et

1407 2572 1545 2614 secernere
1558 2560 1593 2615 ab
1607 2561 1712 2632 iniquis.
1736 2564 1756 2617 t
1772 2563 1867 2630 quibus
1881 2565 1996 2635 iniquis?
2010 2567 2063 2635 Qui
2077 2567 2207 2626 oderam

1406 2647 1553 2705 Jerusalem
1564 2688 1573 2717 ,
1586 2651 1630 2720 qui
1645 2651 1759 2707 oderunt
1773 2668 1879 2723 piaretur,
1892 2655 1935 2725 qui
1949 2657 2043 2711 uolunt
2064 2659 2197 2714 εοιιεεὶιι·

1406 2739 1470 2795 dere
1483 2741 1609 2796 unitatem
1620 2784 1628 2807 ,
1640 2744 1683 2812 qui
1697 2760 1747 2797 uon
1765 2744 1877 2800 creduut
1889 2748 1946 2815 paci
1956 2787 1965 2813 ,
1975 2748 2021 2818 qui
2036 2748 2133 2807 falsam
2143 2766 2204 2821 ps·

1405 2846 1463 2887 cetu
1477 2836 1652 2902 pronuntiant
1677 2837 1702 2888 iu
1728 2837 1841 2907 pnpnto,
1857 2847 1885 2891 et
1905 2855 1957 2892 uun
1984 2840 2058 2895 illam
2081 2841 2200 2898 liabent.

1404 2923 1504 2993 Quibus
1529 2927 1713 2992 respondetur,
1727 2942 1787 2982 eum
1808 2928 1940 2994 dixerint,
1959 2929 2011 2985 Pax
2032 2933 2199 3003 vobiscum,

1405 3013 1510 3070 Etenim
1525 3017 1618 3086 spiritu
1644 3029 1711 3072 tun:
1730 3018 1824 3075 laisum
1843 3020 1950 3086 dicunt,
1975 3031 2003 3078 et
2030 3022 2128 3080 laisum
2143 3042 2203 3081 su·

1403 3107 1487 3161 diunt.
1502 3107 1602 3176 Quibus
1618 3109 1722 3173 dieunt,
1740 3110 1792 3164 Pax
1807 3110 1963 3167 nobiseum?
1981 3128 2051 3183 quus
2064 3126 2206 3185 semma!

1404 3214 1498 3268 opace
1516 3201 1588 3253 orbis
1604 3209 1742 3255 tetrarum.
1759 3201 1793 3257 Et
1816 3203 1912 3272 quibus
1935 3204 2045 3271 dicitttr,
2069 3206 2106 3262 Et
2127 3223 2198 3264 cuttu

1402 3289 1495 3357 spiritu
1511 3290 1573 3343 tuo?
1582 3290 1629 3358 Qui
1640 3290 1821 3347 dissensiones
1834 3295 2041 3364 amplectuntur,
2055 3308 2085 3354 ot
2096 3300 2207 3355 odith

1403 3395 1493 3450 pacem
1510 3383 1530 3434 ¹.
1546 3383 1573 3437 Si
1587 3383 1694 3437 enimin
1710 3385 1803 3454 spiritu
1819 3402 1910 3441 eorum
1921 3398 1992 3443 esset
2006 3404 2078 3458 pax,
2101 3407 2210 3449 nuntia

1403 3472 1529 3526 unitatem
1543 3472 1698 3543 diligerent,
1722 3484 1748 3530 ct
1773 3477 1956 3546 relinquerent
1969 3478 2208 3540 dissensionem?

1404 3565 1509 3620 lialsunt
1536 3581 1599 3636 ergo
1626 3569 1839 3635 pronuntiantes,
1864 3569 1958 3625 laisum
1984 3571 2113 3629 audiunt.
2137 3574 2213 3631 ttns

1402 3670 1493 3710 uerum
1519 3661 1735 3727 pronuntiemus,
1763 3671 1790 3716 et
1814 3678 1903 3718 uerum
1926 3664 2079 3722 audiamus.
2100 3667 2215 3726 Simus

1401 3746 1500 3814 israel,
1516 3760 1541 3802 et
1555 3751 1746 3819 amplectamur
1769 3768 1876 3822 pacem;
1898 3755 1959 3825 qnia
1974 3754 2131 3816 Jerusalem
2150 3768 2218 3818 ot

1402 3836 1469 3893 sisio
1483 3841 1570 3908 pacis,
1585 3851 1611 3929 eut
1623 3856 1671 3895 nos
1687 3841 1783 3907 lsrael,
1797 3855 1823 3899 et
1835 3862 1887 3917 pua
1900 3863 1975 3916 super
1985 3845 2082 3906 lsrael.

1404 3969 2221 3998 —--—·——-·-—-—--——..

1598 4030 1636 4108 tu
1658 4050 1846 4113 totamm
1868 4052 1982 4115 cxxv

1681 4170 1885 4226 tzutttttatut.

1660 4299 1744 4340 Str-tto
1757 4302 1790 4340 ιιι
1802 4302 1912 4341 renutu.

1435 4401 1460 4454 i.
1475 4399 1549 4472 [nens.
1564 4399 1602 4471 b]
1615 4399 1749 4469 Sicutjam
1766 4402 1931 4466 meministis,
1946 4417 1980 4458 ex
1993 4404 2093 4462 ordine
2112 4408 2191 4463 nobis

1399 4493 1569 4547 tractantibus
1582 4493 1633 4547 istc
1655 4494 1770 4562 psalmus
1795 4503 1836 4550 est
1859 4497 2023 4554 centesimus
2044 4500 2184 4556 tricesimus

1398 4584 1515 4653 qttiutns,
1529 4585 1572 4654 qni
1597 4586 1664 4640 inter
1678 4586 1737 4641 illos
1751 4585 1865 4656 psalmus
1878 4596 1928 4655 est,
1942 4602 2058 4658 quorum
2069 4600 2113 4648 est
2125 4591 2182 4647 tita-

1398 4676 1450 4742 lus,
1467 4675 1597 4731 Canticum
1616 4680 1748 4749 qtudnuut.
1769 4678 2008 4744 Estanrtenmteut
2021 4682 2120 4749 nostis,
2134 4698 2176 4739 tot

1397 4770 1594 4825 ascendentium
1610 4784 1689 4840 :quu,
1704 4770 1753 4823 nisi
1766 4769 1798 4824 ad
1820 4769 1891 4825 iliam
1913 4785 2057 4841 supernam
2078 4771 2177 4830 Jerusa-

1398 4859 1460 4931 lem,
1485 4871 1595 4914 matrem
1622 4861 1739 4914 «nmium
1764 4871 1895 4927 nostrum,
1914 4877 1973 4937 que
1994 4871 2037 4918 est
2060 4864 2088 4919 iu
2109 4866 2176 4922 ecelis

1397 4950 1494 5021 (Galat.
1508 4967 1544 5015 tn,
1558 4951 1623 5022 boi?
1636 4953 1699 5020 Qum
1722 4967 1835 5022 superna
1859 4942 1992 5025 est,'ipse
2012 4964 2041 5010 et
2060 4965 2174 5013 eeteros:

1374 5072 1381 5085 ·
1397 5042 1453 5099 buc
1467 5054 1554 5099 antem
1570 5061 1628 5114 qum
1641 5044 1668 5099 in
1681 5056 1750 5101 term
1766 5044 1824 5112 luit,
1838 5046 1959 5102 umbram
1971 5046 2090 5103 babebat
2102 5050 2176 5105 illius

1396 5134 1485 5206 ltaque
1508 5137 1557 5191 ista
1586 5138 1695 5202 eccidit,
1721 5138 1763 5191 illa
1789 5147 1926 5207 permanet
1948 5157 1956 5194 :
1976 5139 2036 5195 baec
2063 5142 2178 5214 implerit

1396 5235 1499 5296 tempus
1516 5228 1718 5295 prauiimtittuis,
1735 5229 1778 5284 itta
1791 5237 1861 5285 leuci
1881 5232 2058 5287 eternitatem
2084 5244 2178 5290 ιιοειιιι

1395 5323 1576 5392 rtqtaratiunis.
1599 5324 1638 5376 ιιι
1659 5323 1703 5376 iiia
1724 5323 1921 5394 peregrinamur
1945 5325 1969 5381 iu
1993 5324 2043 5382 bac
2063 5326 2130 5395 rite,
2147 5326 2177 5384 ad

1394 5416 1452 5484 ejus
1463 5416 1575 5469 reditum
1596 5418 1774 5484 suspiramus:
1790 5416 1889 5469 tamdiu
1910 5417 1999 5471 miseri
2012 5428 2040 5472 et
2055 5416 2178 5474 laborau-

1395 5516 1445 5571 tes,
1460 5506 1544 5560 donec
1559 5507 1590 5561 ad
1607 5507 1677 5561 iilam
1693 5506 1841 5561 redeamus.
1856 5507 1909 5562 Nee
1929 5509 2002 5563 eires
2021 5511 2108 5566 nostri
2130 5515 2179 5565 ιι·

1394 5599 1445 5668 geli
1459 5598 1614 5651 dimiserunt
1636 5613 1683 5652 ntis
1704 5598 1728 5651 iu
1744 5599 1964 5667 peregrinatione,
1980 5599 2028 5656 sed
2040 5606 2180 5665 attonitia-

1395 5698 1488 5743 vernnt
1515 5689 1589 5741 uubis
1614 5688 1698 5756 ipsum
1722 5689 1819 5758 lieqem
1844 5697 1983 5744 vitaturum
2008 5690 2042 5746 sd
2069 5707 2129 5749 nos.
2149 5693 2180 5749 Et

1393 5781 1466 5834 uenit
1483 5781 1516 5834 ad
1531 5795 1588 5842 nos,
1604 5789 1629 5833 ct
1642 5790 1809 5849 contemptus
1821 5789 1861 5834 est
1875 5781 1943 5836 iuter
1960 5796 2037 5838 uosa
2054 5785 2143 5850 ιιοιιιε,
2156 5795 2182 5842 et

1393 5881 1483 5941 protea
1518 5871 1687 5925 nobiscum':
1702 5880 1728 5925 et
1757 5868 1847 5926 docuit
1875 5887 1924 5927 nos
1952 5876 2101 5942 crintemni,
2121 5878 2181 5947 quia

1424 5986 1432 6016 ¹
1446 5983 1528 6032 tstbaec
1539 5983 1629 6031 uerita:
1643 5980 1687 6041 (ιιι
1699 5981 1856 6034 dissentiam
1872 5983 2057 6046 mttpltclttttlttm
2067 5994 2092 6037 et
2102 5988 2184 6040 adimit

1391 6045 1580 6109 petransierunt
1597 6044 1689 6092 abtim.
1710 6045 1782 6113 etab
1803 6045 1916 6096 omuibus
1927 6053 1990 6105 tiss,
2011 6062 2108 6099 ttetrum
2127 6064 2184 6104 sea·

1393 6110 1474 6158 tentiae
1484 6108 1656 6165 sirint-quentis
1665 6119 1721 6161 nox,
1734 6119 1805 6155 mitur.

1428 6174 1436 6199 ¹
1450 6168 1516 6226 tnta,
1528 6166 1607 6217 notin·
1625 6179 1648 6216 ιιι
1658 6166 1673 6226 l.
1685 6168 1710 6216 ιἰ.
1723 6170 1804 6218 abest.
1817 6165 1873 6233 luit,
1886 6184 1897 6216 u
1910 6176 1961 6221 ssu
