5400 7059
521 775 595 832 1069

521 891 544 949 Ι·“
547 892 583 946 ilii
597 877 646 954 sui,
668 887 731 958 quid
751 896 840 942 sorsat
861 888 961 941 salvato
979 902 1027 957 pcr
1046 896 1157 940 mortem
1172 883 1232 938 Filii
1244 881 1311 938 sui'l

519 984 638 1040 Secum
651 995 715 1050 ergo
727 989 796 1034 esto.
813 980 884 1035 Terre
896 979 1055 1044 debitorem,
1068 978 1128 1047 quia
1142 975 1275 1031 credidisti
1285 975 1310 1027 in

520 1075 722 1143 promissorem.
737 1070 861 1124 bantinus
875 1087 925 1123 uon
945 1070 1051 1139 privabit
1071 1068 1142 1123 bonit
1156 1066 1311 1121 ambulantes

520 1169 549 1220 ia
560 1164 710 1218 innocentia.
726 1162 796 1232 Ergo
804 1161 866 1231 quid
878 1162 954 1216 uobis
963 1161 1005 1215 bic
1013 1167 1096 1214 restat
1106 1160 1131 1212 in
1141 1157 1274 1220 torculari,
1284 1156 1310 1209 in

519 1259 675 1323 afflictione,
690 1256 715 1310 in
731 1271 760 1309 re
773 1255 849 1314 dura.
864 1255 890 1308 in
905 1254 1046 1324 prasentia
1061 1253 1121 1305 vitm
1133 1246 1310 1320 periculosae?

517 1349 582 1420 quid
599 1349 675 1403 nobis
688 1354 778 1410 rescit,
791 1355 820 1399 ιιι
832 1345 893 1399 illuc
902 1341 1106 1414 perveniamus?
1122 1338 1229 1394 Dauniae
1242 1337 1310 1393 Deus

517 1445 649 1507 uirtutum,
664 1440 751 1495 heatus
764 1441 838 1493 homo
850 1439 893 1509 qrri
904 1447 986 1508 sperat
998 1438 1025 1491 in
1040 1447 1064 1491 te
1078 1437 1098 1488 ³.

516 1564 1312 1591 Μ

702 1649 742 1710 ΙΝ
763 1647 952 1711 PSALMUM
973 1643 1138 1707 LXXXIV

806 1770 1011 1827 adamantio.

769 1901 854 1942 SERHO
870 1903 904 1940 ab
918 1901 1030 1940 ΡΙΛΞΒΕΙ.

557 2005 584 2058 l.
607 1978 744 2072 Deprecati
768 2016 859 2053 sumus
874 2000 1011 2055 Dominum
1036 1997 1117 2051 Deum
1131 2005 1261 2058 nostrum,
1280 2004 1309 2049 ut

521 2092 646 2149 ostendat
659 2093 735 2148 nobis
746 2091 954 2147 misericordiam
969 2105 1055 2155 suam,
1067 2097 1095 2143 et
1108 2088 1222 2142 salutare
1232 2101 1308 2141 suurn

522 2179 570 2241 det
590 2187 672 2239 nobis.
688 2184 792 2239 Dictum
806 2192 848 2238 est
861 2183 911 2238 hoc
925 2182 1031 2251 quidem
1046 2181 1071 2234 io
1086 2178 1233 2250 prophetia,
1248 2193 1309 2232 curu

520 2279 634 2348 prinurm
646 2276 743 2331 Psalmi
757 2276 797 2329 isti
811 2275 963 2330 diceremur
974 2281 1002 2327 ct
1014 2271 1193 2326 scriberentur
1207 2286 1214 2323 τ
1229 2277 1310 2323 catc-

520 2386 581 2423 rum
592 2368 662 2438 quod
676 2368 769 2421 attinet
782 2365 815 2420 ad
830 2365 881 2419 hoe
893 2374 1006 2434 ternpus,
1022 2364 1074 2433 jam
1090 2362 1206 2417 ostendit
1218 2360 1307 2415 boot·

520 2476 571 2514 nus
582 2457 709 2515 Gentibus
720 2456 926 2512 misericordiam
938 2471 1023 2515 suam.
1032 2464 1059 2509 et
1065 2453 1137 2509 dedit
1145 2454 1185 2508 eis
1194 2453 1309 2508 salutare

519 2567 609 2605 aarum.
623 2549 669 2604 lile
683 2548 789 2618 quidem
805 2545 919 2600 ostendit
931 2563 939 2610 ;
954 2545 1000 2599 sed
1016 2545 1089 2598 multi
1103 2543 1190 2597 sanari
1204 2542 1305 2607 nolunt,

520 2654 550 2696 ut
563 2641 670 2696 rideant
681 2638 752 2710 quod
773 2637 897 2693 ostendit.
920 2636 972 2691 Sed
984 2636 1044 2705 quia
1059 2636 1115 2704 ipse
1128 2644 1203 2689 satiat
1216 2633 1308 2688 oculos

519 2735 608 2790 cordis
630 2732 664 2790 ad
688 2731 829 2795 uidendum
852 2745 900 2791 se:
929 2739 1067 2799 propterea
1093 2743 1154 2782 cum
1177 2726 1305 2792 dixisset,

521 2825 633 2880 Ostende
653 2823 724 2878 nobit
744 2820 939 2876 unsemmrdiam
960 2828 1045 2886 tuam,
1068 2824 1191 2888 tanquam
1217 2817 1307 2871 multis

519 2918 602 2971 eteris
619 2913 746 2979 dicturis,
766 2911 905 2980 Quomodo
925 2910 1090 2975 ridebimus,
1113 2925 1173 2964 curm
1197 2909 1306 2979 eruperit

519 3004 662 3061 ostendere
671 3004 683 3057 i
693 3002 822 3072 adjunxit,
836 3001 867 3055 lit
876 3001 986 3056 salamae
998 3009 1068 3054 tuum
1078 3000 1111 3052 da
1124 3000 1203 3053 nolis.
1216 2999 1306 3054 hundo

518 3101 592 3154 enim
607 3096 721 3153 salutare
741 3110 828 3159 suum,
850 3101 926 3149 saum
948 3094 974 3147 io
994 3092 1070 3147 nobis
1083 3092 1154 3146 uode
1175 3094 1307 3162 possimus

519 3190 613 3244 ridere
633 3187 703 3259 equod
718 3185 834 3241 ostendit
849 3202 856 3239 ;
870 3199 925 3238 non
939 3182 1074 3253 quomodo
1088 3182 1205 3237 medicus
1225 3181 1305 3237 horno

517 3284 577 3353 ipse
589 3288 673 3344 curat,
688 3289 716 3334 ut
729 3280 813 3334 lucem
827 3279 903 3331 isaim
925 3275 1046 3331 ostendat
1058 3275 1097 3330 cis
1115 3289 1183 3345 quos
1195 3290 1307 3330 curave·

516 3376 551 3427 rit
565 3389 573 3436 ;
594 3383 620 3427 et
633 3371 703 3425 aliud
717 3377 758 3425 est
772 3369 822 3423 ista
843 3367 887 3422 lux
901 3382 980 3437 quam
993 3366 1224 3422 demonstraturus
1244 3374 1304 3432 est,

516 3470 590 3525 alirnl
612 3475 699 3524 autem
721 3467 777 3536 ipse
800 3448 917 3521 modicus
938 3466 983 3535 qui
1004 3471 1080 3518 curat
1101 3463 1192 3518 oculos
1211 3461 1306 3532 quibus

517 3562 641 3618 ostendat
661 3561 758 3626 iucem,
772 3575 831 3628 quur
846 3560 889 3613 lut
904 3573 956 3613 non
976 3563 1018 3612 est
1031 3557 1096 3626 ipse.
1111 3555 1169 3611 Non
1188 3570 1253 3624 ergo
1266 3555 1306 3609 sic

516 3651 647 3707 motuinus
669 3650 739 3705 Deus
761 3658 852 3705 troster
867 3666 874 3702 ε
890 3649 947 3719 ipse
965 3657 1006 3702 est
1028 3648 1098 3702 enim
1121 3647 1240 3701 medicus
1260 3646 1305 3715 qui

518 3754 595 3799 estrat
618 3743 689 3798 uode
712 3741 803 3798 ridere
822 3740 965 3812 possimus,
980 3750 1008 3795 et
1028 3740 1085 3810 ipse
1103 3748 1144 3795 est
1162 3740 1206 3795 lux
1225 3755 1304 3809 qnam

518 3834 612 3889 ridere
631 3833 771 3903 possimus.
789 3831 891 3887 -Toturn
917 3841 1004 3886 maten
1019 3831 1302 3909 psalmum—breviter,

517 3936 646 3997 quantum
665 3912 816 3995 passumus,
843 3918 969 3994 quantum
995 3924 1076 3978 donat
1097 3924 1239 3990 Dominus,
1256 3938 1304 3992 pro

517 4018 638 4089 angrrstia
652 4017 777 4086 temporis
790 4017 882 4070 attenti
895 4030 1041 4070 curramus.

552 4111 580 4164 ἓ.
597 4109 671 4182 [acra.
685 4106 724 4180 l.]
740 4107 843 4163 Titulus
856 4107 913 4177 ejus
926 4115 977 4174 est,
991 4105 1024 4160 Ιιι
1044 4106 1129 4176 finem,
1146 4106 1205 4175 filiis
1222 4105 1302 4170 Care,

518 4201 648 4257 Psolraas.
667 4199 761 4255 Finem
784 4214 836 4255 non
860 4194 1054 4269 intelligamus,
1068 4199 1117 4253 nisi
1141 4214 1218 4266 quem
1241 4198 1304 4252 dicit

518 4294 671 4363 Apostolus,
683 4291 756 4346 Finis
767 4292 833 4346 enim
842 4289 916 4361 Leqis
927 4291 1049 4355 Christus,
1059 4290 1223 4359 adjustitiam
1235 4289 1303 4341 omui

517 4383 631 4438 camena
644 4383 729 4454 (dam.
742 4398 771 4448 x,
785 4380 822 4453 l).
837 4382 908 4452 Ergo
921 4398 980 4436 cum
997 4382 1082 4450 primo
1095 4382 1120 4435 in
1135 4381 1212 4434 titulo
1231 4380 1303 4435 Psal-

516 4475 556 4530 mi
571 4475 666 4544 posuit,
675 4474 709 4529 lu
718 4475 811 4545 mea;
824 4474 920 4529 direxit
929 4489 976 4528 cor
989 4483 1106 4526 nostrum
1120 4473 1145 4526 in
1157 4473 1301 4528 Christum.

515 4566 545 4622 ln
560 4566 668 4622 illumsi
686 4565 862 4631 intendamus,
875 4580 927 4618 non
943 4564 1108 4629 errabimus;
1122 4565 1182 4633 quia
1197 4566 1253 4635 ipsc
1263 4574 1303 4620 est

515 4659 618 4713 veritas
631 4672 682 4728 qua
693 4657 857 4721 festinamus,
874 4667 901 4713 et
915 4659 970 4727 ipse
984 4666 1025 4713 est
1038 4657 1079 4711 via
1094 4673 1230 4728 perquam
1244 4672 1304 4713 cur·

515 4765 611 4806 sarnus
621 4748 707 4818 (loun.
720 4765 775 4815 ιιι,
787 4749 826 4821 6).
840 4749 908 4817 Quid
920 4759 968 4815 cst,
982 4750 1041 4816 filiis
1050 4748 1132 4805 Care?
1146 4750 1302 4819 interpreta-

516 4852 564 4896 tur
577 4840 645 4896 Core
657 4857 691 4896 es
706 4839 787 4896 verbo
809 4840 917 4896 hebraeo
938 4842 964 4894 in
980 4841 1089 4894 latinum
1104 4841 1211 4896 Calvus.
1232 4842 1303 4913 Ergo

515 4933 582 5004 filiis
602 4931 673 4995 Cora,
690 4932 749 4986 hliis
763 4931 841 4986 calui.
863 4933 928 4998 Quis
949 4941 990 4986 est
1009 4931 1058 4987 iste
1072 4933 1183 4987 calvus?
1202 4931 1260 4987 Non
1273 4943 1301 4990 ιιι

514 5021 675 5077 irrideamus
688 5022 773 5086 illum,
796 5021 844 5077 sed
859 5031 887 5075 ιιι
906 5023 1039 5092 ploremus
1060 5031 1121 5079 ante
1137 5023 1220 5077 illurn.
1235 5024 1301 5079 Nam

514 5113 657 5168 irrisemnt
670 5110 786 5182 quidam,
796 5120 824 5167 et
837 5127 851 5166 a
864 5111 1027 5166 ductionibus
1036 5113 1129 5166 vastati
1141 5112 1202 5167 sunt
1216 5131 1223 5168 :
1238 5130 1302 5184 quo-

513 5204 597 5259 modo
617 5205 643 5259 in
658 5203 808 5274 llegnorum
821 5203 889 5258 libro
903 5203 1004 5257 calvum
1025 5202 1149 5258 Elisaeum
1164 5204 1302 5260 irriserunt

512 5297 602 5367 pueri,
617 5295 792 5365 dicebantque
805 5304 865 5366 post
883 5294 966 5357 illurn,
987 5293 1071 5360 Calue,
1094 5294 1179 5362 calue;
1193 5311 1301 5365 proces·

514 5399 609 5443 serrant
629 5387 684 5441 ursi
697 5387 731 5442 de
747 5387 825 5461 silva,
845 5394 872 5441 et
882 5386 1055 5449 comederunt
1068 5402 1163 5456 pueros
1176 5389 1244 5443 male
1262 5389 1301 5443 ri·

514 5480 611 5534 dentes
626 5478 670 5552 (lv
685 5477 748 5549 Req.
766 5494 794 5544 ιι,
808 5479 854 5544 23,
868 5478 926 5549 al),
942 5486 969 5532 et
981 5477 1142 5548 plangendos
1155 5495 1169 5532 a
1183 5480 1301 5549 parenti·

514 5571 566 5623 bos
578 5569 644 5624 suis.
657 5568 818 5637 Significavit
840 5569 891 5624 bac
904 5567 999 5622 lactum
1015 5569 1151 5639 prophetia
1166 5571 1299 5639 quadam,

513 5663 632 5718 luiturum
644 5663 782 5717 bominum
794 5650 1163 5716 nostrumicsumeristum.
1176 5661 1221 5741 llle
1230 5664 1301 5718 enirn

512 5770 530 5806 a
541 5753 643 5808 iudaeis
655 5752 825 5807 irridentibus
835 5753 908 5808 velut
928 5753 1016 5807 calvus
1029 5753 1121 5809 irrisus
1133 5763 1184 5820 est,
1200 5756 1260 5825 quia
1274 5757 1300 5811 in

513 5845 644 5901 taliane
664 5847 724 5931 loco
737 5845 878 5900 crucifixos
896 5853 937 5900 cst
958 5845 1063 5911 (auara.
1082 5863 1166 5913 xxvii,
1180 5849 1234 5919 bl).
1248 5849 1301 5905 Nos

547 5982 557 6012 ¹
577 5979 610 6029 td
619 5980 672 6029 hac
680 5981 755 6029 rerba
766 5987 817 6030 ltss.
826 5987 877 6029 tras
885 5979 988 6031 addunt:
1001 5990 1117 6033 conuerso
1124 5984 1157 6035 ad
1165 5984 1300 6044 maumam,

513 6040 783 6126 ⁰¹3⁹¹Poen⁸ai¹¹¹¹diffl
794 6039 905 6113 defuerit,
917 6041 938 6091 si
948 6041 1057 6114 mancare
1065 6052 1164 6116 proptia
1176 6047 1302 6099 υωιιίιιιιιιι

511 6115 818 6228 amomum}
836 6164 879 6213 aar
893 6105 1301 6235 arnaffidssbii'off‘sss‘ss'mffl

513 6219 630 6276 rmrrlrus.
641 6234 702 6289 erqo
711 6230 746 6276 eit
756 6225 845 6285 matus,
857 6239 897 6290 qur
907 6233 986 6289 sacrm
997 6239 1021 6276 ru
1028 6233 1064 6290 te,
1077 6236 1149 6279 rans.

1033 768 1230 824 ENthlthl)
1250 766 1282 820 nt
1301 766 1461 826 Psthlttltt
1481 774 1620 832 tmxxtv.

2077 802 2149 858 tuto

1368 895 1455 939 autem
1474 887 1497 940 si
1513 890 1540 943 in
1562 891 1633 946 illum
1649 897 1847 969 crediderimus,
1872 905 1917 962 hlii
1942 909 2024 979 ipsius
2046 930 2148 972 sumus.

1364 974 1444 1031 Nobis
1454 993 1517 1049 ergo
1526 991 1647 1039 cantatur
1657 987 1705 1042 iste
1718 992 1843 1059 psalmus,
1855 998 1897 1051 ubi
1908 999 2069 1070 inscribitur,
2088 1008 2148 1074 filiis

1364 1064 1767 1147 Core:surnusenimliliisponsi
1778 1081 2147 1168 (Mattlt.rx,lii).illequippe

1363 1172 1485 1227 sponsus,
1500 1163 1564 1218 daus
1578 1165 1683 1220 arrham
1703 1186 1808 1238 sponsa
1823 1191 1887 1243 sum,
1903 1184 2057 1250 sanguinem
2070 1202 2147 1242 suum

1362 1259 1390 1302 ct
1401 1247 1527 1319 Spiritum
1540 1267 1671 1322 satiatum,
1686 1276 1738 1330 quo
1753 1263 1920 1334 locupletarit
1936 1288 1984 1327 nos
1998 1275 2104 1334 interint
2120 1280 2147 1334 in

1363 1341 1411 1396 ista
1433 1347 1660 1415 peregrinationo;
1674 1353 1759 1409 adlruc
1771 1370 1857 1412 antem
1869 1373 1957 1418 serrat
1968 1367 2044 1422 nobis
2056 1372 2147 1425 occul·

1363 1444 1403 1489 tus
1415 1436 1521 1492 diuitias
1535 1457 1605 1498 suas.
1629 1444 1703 1500 Unde
1719 1450 1789 1503 euim
1814 1452 1865 1507 tale
1879 1455 1974 1525 pignus
1987 1459 2070 1527 dedit,
2083 1465 2146 1533 quirl

1359 1530 1485 1597 estquod
1500 1535 1608 1588 serrati

1398 1621 1423 1674 5.
1442 1620 1514 1692 [cers.
1529 1623 1569 1698 b]
1584 1627 1672 1698 ltaque
1686 1641 1774 1686 cantat
1785 1634 1808 1688 ei
1823 1635 1952 1707 Propheta
1973 1641 1998 1695 in
2012 1640 2144 1712 luiturum,

1360 1721 1389 1764 et
1399 1714 1480 1768 utitrrr
1491 1717 1577 1771 serbis
1588 1723 1662 1789 qnasi
1668 1721 1722 1791 jam
1732 1727 1856 1791 prateriti
1865 1731 2007 1799 temporis;
2023 1743 2145 1805 tanquam

1363 1806 1428 1859 lacta
1443 1806 1517 1870 dicit,
1542 1825 1601 1879 qum
1624 1813 1711 1868 lutura
1731 1827 1827 1883 erant;
1850 1821 1910 1889 quia
1932 1823 2001 1891 apud
2022 1825 2105 1880 Deum
2118 1842 2145 1883 ot

1362 1896 1431 1964 quod
1445 1897 1560 1953 laturum
1575 1912 1625 1967 est,
1638 1903 1692 1971 jam
1708 1905 1803 1961 lactum
1819 1919 1868 1964 est.
1884 1910 1921 1967 lbi
1935 1928 1999 1983 ergo
2013 1915 2143 1986 Propheta

1362 1987 1468 2042 videbat
1481 1989 1565 2045 lutura
1581 1994 1667 2062 uubis,
1688 1995 1742 2062 iam
1758 2013 1821 2054 reru
1841 2000 1910 2056 lacta
1931 2004 1956 2057 in
1974 2006 2042 2059 illius
2057 2012 2146 2076 prori-

1362 2077 1449 2132 dentia
1469 2090 1497 2135 et
1510 2083 1738 2150 praedestinatione
1759 2092 1915 2160 certissima,
1929 2097 2061 2164 quomodo
2082 2098 2146 2153 dicit

1362 2180 1390 2222 et
1403 2169 1428 2222 iu
1443 2171 1486 2225 illo
1507 2173 1607 2241 psalmo
1623 2177 1666 2230 ubi
1681 2193 1773 2235 omtres
1785 2181 1917 2238 Christum
1932 2198 2092 2254 agnoscunt;
2107 2192 2147 2243 sic

1363 2261 1432 2314 enim
1445 2264 1570 2319 recitatur
1585 2268 1604 2331 ¹,
1620 2277 1743 2339 tanquam
1758 2272 1925 2344 Evangeliurn
1939 2277 2056 2348 legatur:
2068 2299 2078 2332 ι
2091 2281 2146 2337 Fo-

1362 2354 1458 2409 derunt
1475 2373 1568 2414 manus
1580 2376 1652 2416 niens
1664 2372 1692 2418 et
1706 2365 1797 2433 pedes,
1812 2367 2043 2427 dinumeraverunt
2056 2377 2145 2428 omnia

1362 2459 1420 2500 ossa
1434 2462 1492 2501 mea
1505 2466 1512 2513 ;
1529 2450 1578 2519 ipsi
1592 2466 1654 2507 tero
1666 2455 1899 2513 consideraverunt
1910 2472 1938 2515 et
1950 2473 2146 2533 conspexerunt

1361 2550 1413 2601 ute,
1428 2537 1573 2595 diviserunt
1593 2543 1642 2596 sibi
1654 2546 1809 2601 vestimenta
1833 2564 1890 2604 mea
1904 2559 1931 2604 et
1949 2568 2029 2620 super
2044 2564 2144 2610 restent

1361 2643 1446 2682 meam
1456 2631 1586 2687 miseruut
1595 2644 1692 2690 sortem
1708 2657 1717 2689 ι
1731 2637 1816 2709 (Paul.
1830 2657 1886 2707 xm,
1897 2643 1999 2714 tt-lbl.
2008 2644 2072 2712 Quis
2080 2661 2144 2712 non,

1360 2718 1464 2788 legente
1486 2722 1585 2779 lectore
1604 2725 1745 2790 l’salmum,
1767 2742 1891 2798 agnoscat
1905 2733 2098 2804 Euangelinm?
2111 2739 2146 2793 Et

1361 2820 1447 2866 manen
1469 2828 1528 2867 cum
1551 2816 1684 2871 diceretur
1705 2819 1731 2872 in
1747 2819 1861 2885 Psarlrno,
1887 2838 1941 2878 non
1963 2824 2061 2880 dictum
2083 2837 2143 2894 est,

1360 2902 1467 2959 Fassuri
1481 2915 1542 2960 sunt
1551 2921 1726 2964 manusmeas
1736 2919 1763 2966 et
1775 2913 1873 2983 pedes;
1889 2916 1946 2978 scd,
1958 2918 2075 2986 [oderunt
2087 2936 2144 2973 nra·

1359 3010 1406 3047 nus
1418 3011 1485 3050 oreas
1500 3007 1524 3050 et
1538 2999 1613 3068 pedes
1623 3011 1691 3056 :nec
1702 3002 1801 3056 dictum
1813 3015 1864 3070 est,
1878 3005 2073 3064 hinorueraturi
2083 3020 2145 3066 sunt

1359 3097 1419 3137 ossa
1431 3101 1509 3152 mea;
1524 3087 1580 3152 sed,
1597 3091 1814 3146 dinumeraaerum
1826 3112 1882 3149 ossa
1892 3114 1946 3150 mea
1962 3114 1972 3151 .·
1987 3100 2143 3156 necdictum

1360 3184 1409 3239 est,
1433 3176 1546 3233 Dirisuri
1569 3189 1631 3234 sunt
1651 3183 1805 3238 restintenta
1828 3201 1903 3249 uteru
1927 3189 1985 3253 sed,
2008 3191 2144 3246 diuiserunt

1357 3268 1405 3321 sibi
1428 3271 1571 3325 uestimenta
1589 3290 1654 3326 mea.
1669 3275 1731 3330 llaec
1750 3279 1837 3331 onmia
1858 3295 1917 3348 qum
1938 3282 2024 3336 littura
2039 3285 2147 3340 videbat

1359 3359 1502 3430 Propheta,
1523 3374 1645 3433 tanquam
1660 3370 1791 3437 praeterita
1816 3369 1949 3426 indicabat
1964 3392 1970 3425 :
1987 3374 2024 3428 sic
2038 3385 2065 3430 et
2079 3377 2141 3443 ltic,

1358 3451 1520 3519 benedixisti,
1535 3455 1652 3523 Domine,
1669 3469 1761 3514 terram
1783 3472 1870 3528 tuam,·
1883 3473 2007 3534 tanlquam
2029 3467 2084 3536 jam
2102 3467 2144 3524 fc»

1357 3549 1434 3602 cerit.

1395 3641 1421 3694 l.
1437 3642 1554 3696 Auertisti
1577 3644 1745 3712 captiuitatem
1759 3646 1848 3706 suant.
1866 3649 1981 3720 Populus
1995 3651 2052 3720 ejus
2072 3653 2142 3707 anti·

1341 3746 1425 3802 ·quus
1436 3733 1528 3800 Jacob,
1543 3736 1653 3804 populus
1662 3735 1752 3802 lsrael,
1768 3749 1844 3794 natus
1856 3739 1890 3795 dc
1903 3743 2004 3797 semine
2016 3742 2140 3808 Abrahae,

1358 3822 1385 3876 in
1400 3824 1605 3893 repromissione
1627 3824 1880 3897 lutnrusaliquando
1900 3831 1985 3886 haras
2004 3832 2060 3888 Dei.
2079 3833 2142 3889 Erat

1358 3914 1464 3984 quidem
1479 3929 1543 3985 ergo
1558 3916 1602 3972 ille
1620 3919 1748 3987 populus,
1759 3921 1802 3974 cui
1821 3921 1910 3977 datum
1930 3934 1971 3979 est
1983 3924 2140 3980 Testamen-

1358 4014 1413 4061 tum
1426 4007 1506 4062 lletus
1516 4024 1524 4075 ;
1535 4008 1581 4062 sed
1596 4008 1621 4062 in
1633 4009 1731 4065 Vetere
1741 4011 1910 4069 Testamenta
1921 4014 2082 4085 figurabatur
2091 4017 2141 4072 'la-
2184 4018 2187 4022 ’

1357 4107 1517 4156 stramentum
1529 4100 1630 4156 Novum
1644 4104 1671 4155 ¹:
1685 4102 1728 4156 illa
1743 4103 1824 4172 ligura
1848 4115 1923 4172 erat,
1936 4107 1994 4162 hac
2004 4111 2141 4179 expressio

1356 4192 1486 4247 ueritatis.
1508 4191 1537 4248 ln
1557 4193 1601 4248 illa
1625 4202 1713 4248 aulem
1728 4193 1811 4265 figura
1832 4198 1977 4252 secundum
2001 4200 2140 4269 quamdam

1358 4282 1603 4350 pronuntiationem
1617 4282 1781 4346 hrturorum,
1795 4285 1854 4340 data
1871 4296 1913 4342 est
1926 4289 1963 4343 illi
1979 4291 2076 4359 popolo
2085 4303 2140 4346 ter·

1357 4388 1386 4426 ra
1406 4372 1525 4442 quadam
1559 4375 1755 4443 promissionis,
1779 4378 1804 4430 in
1828 4379 1940 4448 quadam
1964 4382 2072 4451 regione
2096 4386 2139 4440 ubi

1358 4465 1485 4520 habitavit
1495 4467 1607 4535 populus
1616 4466 1784 4534 ludaeorum
1797 4470 1841 4525 ubi
1851 4479 1892 4525 est
1904 4472 1983 4526 etiam
1994 4472 2141 4531 Jerusalem

1357 4560 1468 4625 civitas,
1483 4559 1558 4629 crrjos
1576 4573 1673 4614 nomen
1695 4575 1788 4617 omnes
1813 4562 1969 4620 audirimus.
1992 4567 2141 4639 llancerqo

1358 4661 1453 4706 terram
1466 4666 1526 4706 cum
1541 4652 1686 4722 accepisset
1700 4653 1743 4709 ille
1756 4655 1888 4726 populus,
1904 4657 1937 4713 ab
1950 4657 2074 4714 hostibus
2085 4662 2140 4715 suis

1357 4743 1452 4798 vicinis
1465 4744 1669 4814 circumquaque
1681 4745 1876 4802 inimicantibus
1890 4750 1988 4804 multas
2004 4753 2140 4808 molestias

1356 4835 1524 4904 patiebatur:
1539 4844 1639 4889 etcum
1655 4839 1779 4905 peccabat
1793 4839 1820 4892 in
1833 4839 1915 4894 beau
1928 4856 2013 4903 saum,
2029 4842 2141 4902 dabatur

1356 4926 1383 4980 in
1402 4926 1595 4995 captivitatem
1619 4941 1671 4980 non
1685 4927 1717 4981 ad
1738 4928 1889 5004 interitum,
1910 4931 1956 4986 sed
1971 4933 2004 4987 ad
2019 4933 2141 5006 discipli-

1327 5028 1331 5036 ·
1356 5031 1433 5080 nam;
1450 5032 1502 5069 nou
1517 5016 1658 5071 damnante
1672 5027 1745 5084 patre
1757 5059 1764 5082 ,
1778 5019 1824 5073 sed
1848 5018 2005 5090 flagellante.
2027 5023 2061 5078 m
2080 5041 2140 5081 cour

1354 5121 1476 5175 possessa
1491 5115 1571 5172 essct,
1584 5106 1752 5173 liberabatur,
1765 5119 1792 5165 et
1803 5109 1941 5179 aliquoties
1955 5113 2085 5183 captimla
2099 5127 2142 5172 est

1356 5207 1383 5252 et
1397 5198 1507 5252 liberata
1520 5208 1561 5252 cst
1575 5198 1618 5250 illa
1633 5213 1716 5267 qens:
1732 5210 1760 5253 et
1781 5201 1859 5255 modo
1873 5201 1898 5255 in
1911 5205 2063 5272 captivante
2076 5216 2139 5272 est,

1356 5297 1385 5346 et
1398 5290 1447 5343 boc
1460 5305 1508 5359 pro
1520 5298 1627 5358 omento
1640 5304 1744 5358 magno,
1758 5290 1827 5360 quod
1839 5293 1978 5349 hominurn
1989 5311 2066 5353 suum
2079 5314 2138 5354 cru·

1355 5383 1446 5437 cibrit.
1460 5382 1528 5448 Quid
1545 5383 1623 5452 igitur
1643 5382 1787 5437 secundum
1803 5384 1867 5439 istos
1886 5389 2053 5461 accipimus,
2067 5391 2139 5460 qrrod

1354 5476 1410 5539 ait,
1426 5475 1543 5528 Auertisti
1565 5475 1730 5544 captiuitatem
1748 5475 1850 5531 suot?
1863 5481 1904 5533 Αιι
1925 5480 1994 5535 forte
2014 5483 2140 5554 intelligi-

1355 5583 1414 5621 mus
1429 5566 1472 5621 hic
1485 5565 1562 5619 aliam
1575 5566 1752 5635 captivitatem
1763 5607 1772 5633 ,
1783 5567 1817 5623 de
1829 5585 1879 5639 qua
1891 5584 1985 5625 omncs
2004 5586 2052 5626 nos
2063 5577 2140 5630 rolu-

1355 5675 1414 5714 mus
1427 5658 1551 5713 liberari?
1563 5658 1629 5713 Nam
1649 5674 1741 5714 onrnes
1763 5663 1925 5727 pertinemus
1947 5665 1979 5718 ad
1999 5665 2101 5731 Jacob,
2117 5672 2139 5724 si

1355 5750 1518 5820 pertinemus
1531 5750 1563 5804 ad
1578 5764 1668 5804 semen
1684 5750 1807 5807 Abrahae.
1834 5753 1888 5807 lloe
1900 5754 1970 5807 enirn
1987 5755 2053 5811 dicit
2068 5760 2137 5830 hpo·

1355 5843 1438 5897 stolus
1454 5860 1460 5895 :
1477 5839 1509 5894 Ιιι
1527 5839 1602 5893 Isaac
1625 5842 1750 5894 uocabitur
1764 5844 1808 5896 tibi
1829 5861 1910 5897 scorteu
1919 5861 1929 5907 ,·
1940 5846 1966 5899 id
1979 5858 2032 5912 cst,
2049 5867 2099 5905 rron
2114 5855 2141 5907 hi

1354 5935 1395 6004 qui
1408 5932 1456 6003 filii
1470 5933 1568 5995 carnis,
1588 5932 1614 5983 lo'
1635 5933 1683 5999 filii
1696 5932 1763 5996 Dei,
1779 5934 1823 5985 scd
1836 5935 1883 6001 filii
1904 5939 2077 6006 promissionis
2097 5945 2140 5997 dc-

1386 6049 1395 6079 ¹
1412 6047 1448 6095 sic
1458 6044 1549 6106 aliquot
1557 6050 1610 6093 mss.
1622 6044 1730 6094 ellicum
1740 6046 1806 6107 cdd,
1819 6047 1931 6101 recitatus
1941 6058 1976 6102 est
1987 6053 2104 6116 Prolatus,

1385 6111 1396 6140 ¹
1413 6115 1445 6157 tta
1457 6109 1480 6156 iu
1492 6115 1544 6154 mss.
1557 6114 1585 6155 Λι
1596 6108 1619 6155 in
1631 6107 1697 6160 add..
1709 6107 1785 6157 hares
1797 6109 1842 6160 bei
1850 6120 1911 6161 errat.
1922 6115 2023 6174 Quadam
2035 6115 2140 6180 erqotlte

1354 6169 1455 6236 populna
1466 6167 1505 6219 ani
1516 6167 1598 6218 datram
1608 6175 1643 6220 est
1657 6168 1827 6225 castaneum
1841 6179 1918 6238 t'ctus,
1932 6174 2050 6241 hauribat
2063 6185 2141 6233 ruta.

1354 6239 1563 6284 rnmtmnrtoaart
