5400 7059
517 756 580 811 liiii

514 875 598 922 teruur
612 866 635 922 si
647 866 783 922 statuisset
796 865 866 920 diem
877 864 1018 928 omnibus,
1042 863 1140 917 laceret
1160 859 1295 916 alrundare

515 975 620 1034 peecata
636 962 670 1018 de
692 963 842 1018 securitate.
869 960 946 1015 been
966 973 1030 1029 ergo
1052 973 1126 1027 spem
1147 957 1249 1017 verriu,
1264 971 1298 1009 ue

516 1053 681 1124 desperando
703 1051 815 1121 amplius
830 1066 933 1121 pecces.
961 1051 992 1104 Et
1009 1063 1088 1120 spes,
1109 1059 1136 1128 et
1149 1045 1299 1115 desperatio

514 1144 631 1199 timenda
652 1153 692 1199 est
717 1142 888 1212 inpeccatis.
915 1141 1006 1195 Videte
1029 1156 1119 1194 rocem
1134 1138 1299 1207 desperantis

513 1235 546 1290 ad
568 1233 686 1304 augenda
705 1241 828 1302 peecata,
851 1241 877 1288 et
894 1231 981 1286 videre
1002 1246 1092 1286 vocem
1115 1230 1246 1299 sperantis
1265 1227 1298 1282 ad

514 1324 633 1395 augenda
656 1333 782 1393 peecata,
802 1330 829 1377 et
850 1323 982 1391 quomodo
995 1321 1099 1390 utrique
1113 1320 1169 1373 voci
1183 1319 1299 1373 occurrit

514 1413 677 1485 providentia
696 1423 722 1467 ct
736 1413 915 1469 misericordia
935 1413 990 1466 Dei.
1020 1412 1087 1467 sudi
1101 1426 1191 1484 rocem
1204 1408 1299 1477 despe-

514 1507 620 1561 rantis:
640 1506 720 1570 Janr,
741 1505 842 1574 iuquit,
864 1502 1029 1559 damnandus
1045 1518 1120 1567 sum;
1143 1516 1225 1571 quare
1246 1516 1299 1554 nun

515 1596 582 1649 lucio
595 1595 720 1666 quidquid
738 1596 816 1649 velot
826 1595 893 1649 Audi
909 1604 937 1651 et
947 1610 1039 1649 vocem
1055 1595 1185 1664 sperantis
1200 1611 1207 1647 :
1222 1593 1300 1646 llise-

515 1686 628 1740 rieordia
644 1685 747 1739 Domini
763 1699 856 1756 magna
869 1696 927 1750 est,
953 1685 1058 1754 quando
1078 1700 1120 1738 rue
1133 1693 1298 1748 convertero,

514 1777 630 1831 dirrrittr·t
645 1777 708 1830 nrilri
722 1778 809 1831 omnia
825 1795 831 1830 :
847 1792 928 1847 quaro
943 1793 994 1830 rrou
1010 1777 1076 1830 lucio
1085 1774 1210 1844 quidquid
1220 1774 1299 1828 volo?

516 1870 661 1936 Desperat‚
686 1879 714 1922 ut
734 1877 840 1937 peccet;
865 1878 969 1937 sperat,
986 1878 1015 1922 ιιι
1027 1876 1129 1938 peccet.
1153 1865 1300 1936 Utrumque

512 1958 685 2014 metuendum
698 1953 765 2024 est,
792 1969 936 2027 utrurrrque
952 1958 1149 2028 periculosum
1173 1972 1211 2009 va}
1224 1971 1239 2008 a
1254 1955 1300 2009 de-

516 2051 686 2119 speratione!
709 2066 748 2103 vce
770 2065 784 2102 a
806 2063 927 2118 perversa
942 2048 1007 2116 spel
1032 2048 1142 2116 Utrique
1157 2047 1218 2100 lruie
1230 2045 1305 2116 pevi-

515 2145 576 2197 eulo
590 2152 617 2198 et
636 2144 740 2212 utrique
763 2142 833 2197 malo
847 2142 978 2212 quomodo
991 2142 1107 2195 occurrit
1120 2137 1300 2193 misericordia

517 2235 565 2288 Dei
577 2234 588 2286 ι
602 2233 669 2300 Quid
684 2233 750 2287 dicis
763 2242 800 2298 tu,
817 2234 860 2302 qui
874 2233 1038 2301 desperando
1052 2231 1158 2285 volebas
1172 2230 1300 2300 peceare?

515 2326 573 2382 daur
588 2326 751 2399 damnandus
761 2342 818 2379 seru
832 2342 839 2389 ;
855 2341 936 2393 quave
948 2341 998 2378 uon
1013 2324 1080 2378 lucio
1093 2323 1219 2394 quidquid
1229 2322 1299 2377 vulo.

516 2417 584 2474 trudi
599 2416 761 2486 Scripturaur
775 2434 782 2469 ε
798 2415 866 2470 Νοιο
884 2426 988 2469 mertem
1004 2410 1092 2484 impii,
1111 2425 1207 2468 tautum
1221 2424 1246 2467 ut
1259 2430 1299 2466 re·

518 2517 663 2562 termnum
681 2509 755 2561 uiuat.
777 2507 832 2563 llae
846 2521 910 2562 voee
933 2506 978 2560 Dei
998 2504 1131 2560 reducitur
1153 2505 1178 2558 iu
1201 2519 1299 2573 spem:

516 2600 563 2654 sed
578 2600 709 2654 timendus
724 2610 765 2661 est
777 2600 843 2654 alius
868 2600 995 2669 laqueus,
1016 2613 1049 2653 ne
1064 2599 1118 2666 ipsa
1131 2612 1176 2666 spe
1189 2595 1301 2666 amplius

517 2699 619 2759 peccet.
643 2690 709 2756 Quid
723 2699 825 2759 ergoet
839 2699 866 2744 tu
879 2691 986 2745 dicebas
1001 2729 1008 2756 ,
1024 2689 1128 2759 quispe
1141 2689 1224 2758 magis
1236 2703 1299 2758 pec·

477 2804 479 2809 ’
517 2783 584 2835 tas?
607 2782 719 2848 Quando
733 2798 774 2835 nre
790 2791 964 2845 convertero,
987 2781 1075 2834 omnia
1095 2780 1158 2834 milri
1174 2780 1243 2833 Deus
1258 2779 1300 2832 di·

518 2872 605 2925 mittet
619 2889 626 2935 ;
640 2873 733 2926 laciaur
744 2871 868 2941 quidquid
883 2873 953 2925 rulo.
967 2871 1034 2926 rlrrdi
1049 2877 1075 2924 et
1089 2870 1300 2939 tuSeripturaru:

519 2959 560 3014 Νι
574 2961 656 3014 tardes
674 2963 780 3014 corruenti
792 2962 826 3013 ed
837 2961 970 3014 Dominum
983 3002 991 3026 ,
1009 2977 1087 3029 neque
1100 2960 1204 3027 differes
1220 2961 1251 3014 de
1262 2961 1302 3013 die

517 3051 543 3104 iu
555 3052 619 3104 diem
630 3069 639 3113 ,·
652 3052 732 3105 subito
745 3053 809 3105 enim
823 3052 900 3105 eeuiet
914 3052 952 3105 ira
962 3053 1038 3114 illius,
1054 3063 1077 3105 et
1088 3054 1113 3105 in
1126 3062 1235 3122 tempore
1248 3052 1302 3106 eiu·

519 3143 593 3194 dicte
604 3143 729 3212 disperdet
746 3129 769 3197 te
781 3141 873 3214 (ecee
887 3159 919 3205 v,
934 3143 968 3208 8,
983 3142 1021 3214 9).
1045 3143 1105 3198 Noli
1114 3158 1178 3213 erqo
1190 3143 1278 3198 dicere
1292 3160 1299 3196 ι

518 3232 585 3285 liras
610 3248 652 3286 ure
672 3243 837 3295 convertam,
859 3246 918 3287 eras
938 3233 993 3287 Deo
1015 3232 1141 3302 placebo;
1168 3241 1195 3288 et
1213 3233 1301 3287 omnia

519 3323 645 3378 lrodierna
659 3333 686 3378 et
705 3325 826 3378 iresterna
841 3324 1010 3379 dimittuntur
1029 3323 1103 3378 milri.
1125 3323 1222 3379 ilerurrr
1242 3324 1301 3393 qui·

518 3413 579 3467 deur
594 3414 677 3479 dieis,
700 3415 759 3483 quia
777 3416 845 3470 Deus
863 3415 1029 3469 conversioni
1045 3424 1096 3468 tua·
1111 3413 1300 3484 indulgentiam

518 3505 659 3575 prumisit;
687 3505 733 3560 sed
760 3505 878 3559 dilationi
906 3517 958 3560 tuae
982 3506 1053 3560 diem
1077 3504 1221 3560 crastiuum
1249 3521 1302 3561 non

449 3617 455 3625 ·
519 3598 648 3668 prurrrisit.

555 3687 598 3740 ιι.
613 3685 687 3760 [neta.
703 3687 742 3759 sl
756 3687 847 3742 Stauris
862 3686 982 3742 Dominus
996 3689 1118 3754 omnibns,
1130 3699 1154 3743 et
1168 3689 1302 3743 uriserutio

491 3797 562 3834 ‘net
576 3781 630 3850 ejus
653 3781 679 3833 in
694 3782 778 3833 ontuiu
798 3797 874 3848 opere
895 3782 958 3851 rjus.
986 3781 1073 3847 erate
1092 3796 1155 3850 ergo
1175 3781 1302 3834 darrrrrat?

518 3885 599 3940 quare
621 3871 750 3940 flagellat?
775 3872 814 3924 du
829 3886 895 3941 quos
907 3870 1031 3935 damnat,
1050 3886 1083 3924 an
1097 3886 1164 3941 quus
1176 3871 1299 3942 flagellat,

519 3980 571 4017 nou
585 3975 646 4018 sunt
657 3979 737 4032 opera
752 3964 830 4032 ejus?
845 3964 924 4019 l‘laue
937 3979 1018 4044 opera
1032 3964 1100 4035 ejus.
1125 3966 1158 4019 Et
1168 3966 1207 4018 vis
1223 3978 1302 4018 nosse

519 4058 578 4125 quia
594 4057 763 4126 superomnia
778 4073 854 4126 opere
873 4058 926 4124 eius
945 4051 1116 4109 miserutioner
1135 4055 1213 4122 ejus?
1239 4053 1302 4108 lude

519 4156 560 4200 est
574 4148 616 4200 illa
635 4148 821 4216 longanimitas
837 4161 888 4215 qua
911 4146 973 4200 iacit
989 4146 1071 4199 solem
1091 4159 1167 4198 surrur
1181 4133 1245 4197 oriri
1258 4159 1303 4197 srr-

521 4254 568 4307 per
581 4238 665 4292 borres
679 4248 706 4291 et
719 4238 802 4290 malos
816 4254 822 4287 ι
836 4251 923 4291 nonne
937 4236 1106 4299 uriseruliones
1117 4236 1171 4306 ejus
1182 4235 1208 4286 in
1218 4235 1302 4287 onmia

521 4346 597 4399 oprru
612 4330 683 4399 ejus,
697 4329 740 4398 qui
755 4329 819 4398 pluit
833 4342 913 4397 super
923 4328 1010 4396 justos
1022 4337 1047 4382 et
1067 4327 1180 4396 iniustas
1195 4326 1300 4396 (lluul.

520 4436 547 4486 v,
562 4420 630 4490 tel?
645 4435 732 4474 nonne
745 4420 915 4476 miserationes
928 4421 981 4488 ejus
996 4420 1021 4472 in
1036 4421 1120 4473 onmia
1138 4419 1304 4490 operosius?

520 4508 691 4578 Lurrgauiuris
702 4518 836 4577 exspectat
853 4517 1016 4579 peccatorem
1028 4550 1036 4574 ,
1050 4509 1152 4573 diceus,
1173 4508 1303 4562 Conanti-

520 4599 583 4651 uriui
594 4597 628 4651 ad
642 4615 700 4664 rue,
723 4607 745 4651 et
764 4609 892 4665 corruertur
906 4597 939 4651 ud
952 4613 993 4653 eos
1006 4614 1016 4651 .·
1031 4612 1118 4672 nonne
1132 4598 1302 4652 irriseretiones

520 4689 574 4758 ejus
590 4690 616 4742 iu
631 4691 714 4742 eumin
728 4705 804 4760 opere
817 4691 893 4760 ejus?
907 4689 1010 4744 Etcum
1023 4690 1104 4756 dicit,
1126 4689 1165 4743 lte
1179 4691 1204 4743 iu
1222 4691 1304 4759 iquem

519 4788 656 4846 elnaem,
678 4780 720 4850 qni
740 4789 844 4850 paratus
862 4791 899 4834 est
917 4780 1016 4835 diabolo
1029 4790 1051 4834 et
1065 4780 1161 4851 unqelrs
1177 4782 1232 4850 ejus
1245 4781 1300 4850 (ld.

520 4885 587 4935 xxv,
601 4869 646 4938 il)
660 4887 667 4937 ;
682 4869 725 4924 lric
737 4885 789 4926 nou
803 4871 937 4925 miseratio
950 4872 1018 4940 ejus,
1031 4872 1077 4924 sed
1094 4872 1221 4926 seueritas
1235 4871 1302 4941 ejus.

520 4961 654 5017 lliseratio
675 4963 733 5031 ejus
758 4963 859 5018 reddita
874 4973 914 5017 est
935 4962 1060 5031 operibus
1073 4963 1152 5031 ejrrsq
1175 4965 1304 5019 severitas

521 5051 580 5120 ejus
590 5058 632 5106 est
646 5065 699 5105 nun
712 5053 737 5105 iu
750 5066 832 5122 opera
844 5068 909 5116 sua,
924 5051 1008 5107 sedin
1022 5067 1102 5122 opera
1117 5062 1170 5108 tua.
1186 5054 1303 5124 Denique

521 5144 543 5197 si
555 5142 632 5200 tollas
645 5159 725 5214 opera
738 5152 781 5198 tua
800 5144 887 5210 mala,
909 5153 935 5198 et
954 5160 1005 5197 nou
1026 5145 1051 5198 in
1067 5153 1092 5199 te
1105 5156 1238 5200 remancat
1253 5146 1303 5201 nisi

521 5249 588 5304 opus
601 5235 679 5303 ejus,
698 5250 751 5289 non
765 5245 791 5290 te
804 5236 918 5290 dimittet
932 5233 1069 5290 miseratio
1082 5235 1140 5305 ejus
1156 5253 1163 5289 z
1178 5237 1199 5290 si
1215 5245 1303 5291 autem

522 5334 549 5378 tu
560 5341 611 5379 rrou
623 5325 732 5379 dimittis
744 5340 824 5395 opera
839 5335 894 5393 tua,
908 5326 958 5381 erit
970 5325 1097 5381 severitas
1109 5327 1168 5396 ejus
1182 5328 1207 5380 iu
1222 5342 1303 5397 opera

521 5423 582 5480 tua,
599 5433 650 5470 uun
662 5417 689 5470 in
701 5432 781 5486 opera
794 5431 851 5471 sua.

556 5510 598 5563 ιδ.
629 5508 702 5581 [vers.
724 5508 779 5582 ιιι]
800 5508 973 5581 confiteantur
994 5507 1056 5575 riti,
1078 5507 1203 5577 Domine,
1219 5511 1304 5565 onrniu

447 5598 449 5603 '
520 5616 594 5670 opera
610 5613 672 5668 run,
688 5610 710 5655 et
722 5603 802 5654 suncti
815 5603 851 5655 tui
864 5602 1007 5655 benedicunt
1019 5611 1052 5656 te.
1068 5601 1160 5656 Drnnin
1172 5619 1248 5672 opere
1260 5612 1303 5657 tuu

520 5693 685 5757 ‹rrrrfirmntur
700 5691 752 5745 tibi.
765 5691 833 5760 Quid
845 5693 937 5746 euim?
951 5703 1019 5746 terra
1032 5707 1084 5745 nou
1097 5701 1138 5747 est
1149 5706 1215 5762 opus
1227 5694 1303 5762 ejus?

520 5783 663 5845 liquanda
684 5792 745 5836 sunt
755 5798 834 5852 opera
849 5782 925 5852 ejus?
944 5797 1056 5851 pecora,
1072 5782 1182 5848 bestia,
1197 5783 1302 5852 pisces,

518 5871 636 5924 vulurilia
659 5887 710 5924 uou
731 5881 793 5926 sunt
814 5887 894 5941 opera
915 5872 990 5939 ejus?
1011 5872 1093 5926 Plane
1112 5881 1138 5928 et
1157 5872 1303 5944 baeeopera

518 5961 585 6028 ejus.
603 5962 633 6014 er
647 5963 778 6029 utromodo
788 5962 812 6017 ei
822 5963 1016 6018 condiebantur
1026 5974 1052 6019 et
1065 5964 1139 6019 baeel
1152 5965 1234 6020 Video
1243 5967 1302 6035 qui·

517 6052 578 6110 deur
593 6053 617 6105 iu
634 6053 740 6121 rlnqelis
753 6053 872 6108 oonlrreri
886 6055 923 6108 illi
940 6071 1019 6124 opera
1033 6055 1108 6125 ejrrs3¹
1122 6059 1219 6112 etenim
1239 6073 1303 6126 ope-

516 6157 546 6201 ra
560 6144 618 6215 ejus
632 6153 694 6199 suut
712 6144 802 6218 ringeli
818 6163 824 6200 :
842 6153 867 6200 et
883 6145 1005 6203 lromines
1017 6163 1096 6219 opera
1111 6148 1168 6218 ejus
1181 6159 1260 6217 surrt3
1274 6162 1301 6205 et

1046 749 1242 806 Edrterrsttd
1261 745 1293 801 ΙΝ
1313 746 1469 804 Ρὸιιιιιϋιι
1489 749 1598 804 extlv.

2050 756 2136 813 uere
2158 737 2159 741 '

1354 875 1414 914 cunr
1428 862 1586 918 confitentur
1599 864 1633 918 illi
1649 864 1778 927 lrorrriues,
1791 880 1869 934 opera
1884 868 1940 934 ejus
1955 868 1991 921 illi
2004 870 2136 922 cantiten-

1353 938 1395 1007 tur
1409 971 1417 1007 ι
1431 954 1554 1022 numquid
1571 956 1640 1024 liqna
1652 965 1679 1010 et
1692 956 1792 1026 lapides
1812 973 1902 1013 vocem
1917 958 2014 1014 lrabeat
2028 959 2136 1014 eunies·

1351 1046 1455 1099 sionis?
1478 1047 1587 1101 Prorsus
1611 1047 1784 1102 eorrlrteauurr
1807 1051 1830 1104 ei
1855 1053 1942 1104 onmia
1966 1066 2045 1119 opera
2067 1050 2136 1121 ejus.

1351 1135 1418 1200 Quid
1429 1136 1511 1191 dicis?
1524 1139 1556 1192 Et
1567 1147 1635 1192 terra
1647 1147 1673 1191 et
1683 1140 1770 1207 ligna?
1780 1141 1873 1195 Dmrria
1882 1143 2035 1211 operaejus.
2043 1142 2071 1197 st
2080 1156 2139 1196 orn-

1352 1225 1393 1277 uia
1416 1226 1541 1292 laudant,
1556 1242 1603 1282 errr
1624 1243 1675 1281 nou
1695 1230 1783 1284 omnia
1803 1231 1981 1288 eoulrtenrurl
1998 1233 2139 1289 Confessio
2219 1244 2225 1250 '

1351 1315 1422 1369 euim
1436 1333 1488 1370 nun
1504 1330 1672 1385 peecatorum
1688 1330 1787 1375 tantum
1801 1322 1913 1389 dieitur,
1927 1325 1973 1379 sed
1988 1335 2015 1380 et
2028 1325 2135 1382 laudis:

1350 1424 1385 1463 rre
1398 1408 1465 1463 lone
1479 1410 1636 1480 ubicumque
1649 1413 1745 1467 auditis
1757 1414 1959 1479 coulessiunem,
1976 1418 2074 1485 puteris
2083 1417 2137 1483 jam

1351 1514 1404 1552 uon
1420 1514 1480 1554 esse
1495 1500 1544 1554 nisi
1557 1503 1668 1571 peccati.
1684 1502 1773 1571 Usque
1787 1506 1852 1560 adeo
1865 1507 1935 1561 eninr
1950 1507 1999 1562 lroe
2015 1517 2135 1576 putatur.

1353 1601 1380 1644 ιιι
1397 1590 1503 1660 quaudo
1523 1594 1641 1648 sonuerit
1658 1595 1802 1651 de‘divirris
1816 1598 1948 1667 eloquiis,
1965 1599 2091 1654 contiuuo
2104 1600 2147 1654 sit·

1351 1683 1516 1736 consuetudo
1536 1695 1640 1750 pectora
1663 1688 1782 1741 tundere.
1800 1688 1867 1742 dudi
1883 1689 1943 1757 quia
1958 1700 2039 1744 estet
2054 1689 2139 1743 larulis

1351 1772 1492 1826 eorrlessio.
1513 1773 1643 1843 Numquid
1659 1776 1784 1830 Dominus
1796 1777 1872 1833 iesus
1887 1778 2009 1834 Cirristus
2023 1779 2138 1833 lralrebat
2226 1827 2232 1838 .

1353 1863 1508 1930 peccalum?
1523 1863 1555 1917 Et
1568 1873 1654 1918 tamen
1665 1866 1702 1918 ait
1713 1884 1720 1918 ι
1731 1865 1856 1935 Confiteor
1867 1868 2018 1932 tibi,·Puter,
2030 1869 2137 1924 Domine

1351 1951 1407 2003 coeli
1423 1961 1446 2004 et
1467 1961 1539 2006 terre
1556 1953 1669 2023 (dluttlr.
1687 1970 1732 2020 ιιι,
1747 1957 1811 2027 ιδ).
1831 1958 1968 2013 Confessio
1983 1970 2024 2014 est
2037 1975 2098 2028 evgu
2111 1962 2139 2012 iu

1351 2042 1439 2097 laude.
1461 2042 1576 2098 Proinde
1595 2046 1657 2116 quid
1672 2047 1872 2118 accipiendum,
1888 2048 2060 2118 confiteantur
2075 2050 2136 2112 tili,

1351 2132 1477 2201 Domine,
1501 2138 1584 2189 ornrriu
1600 2154 1676 2206 opera
1693 2140 1759 2192 tun?
1778 2138 1897 2194 Laudent
1914 2150 1939 2196 te
1953 2141 2041 2194 omuia
2056 2156 2136 2210 opera

1355 2236 1407 2280 tua.
1423 2227 1474 2281 Sed
1489 2228 1546 2282 talis
1558 2233 1669 2299 quaestio
1681 2233 1750 2285 redit
1763 2232 1794 2286 ad
1809 2233 1928 2299 laudem,
1943 2233 2028 2303 qualis
2039 2243 2094 2288 crat
2109 2235 2135 2288 iu

1354 2317 1531 2373 consessione.
1546 2320 1574 2373 Si
1587 2321 1656 2374 erriur
1671 2332 1806 2392 propterea
1820 2323 1939 2377 consuevi
1952 2339 2003 2379 uon
2014 2333 2141 2395 poteraut

1353 2419 1432 2475 terra,
1450 2412 1518 2482 ligna
1532 2420 1558 2467 et
1570 2428 1680 2483 qumque
1693 2414 1834 2479 insensata,
1848 2416 1909 2484 quia
1921 2426 2013 2471 vocem
2026 2430 2076 2469 uorr
2091 2415 2137 2469 lra-

1352 2501 1416 2556 beru
1428 2503 1586 2569 conliteudi;
1601 2504 1659 2558 ideo
1670 2520 1719 2558 nee
1730 2504 1872 2560 laudabunt
1884 2547 1890 2568 .
1907 2505 1966 2576 quia
1981 2522 2071 2561 rueerrr
2085 2523 2136 2560 uurr

1353 2592 1453 2650 habent
1466 2597 1635 2665 predicandi.
1651 2597 1743 2652 Norure
1754 2606 1840 2651 tamen
1854 2599 1940 2652 ornrria
1953 2609 2006 2653 tres
2017 2599 2053 2652 illi
2065 2599 2138 2668 pueri

1353 2695 1527 2752 enumerant,
1549 2688 1748 2743 deambulantes
1772 2690 1841 2743 inter
1861 2689 1979 2750 llarumas
2002 2690 2137 2754 innoxias;

1353 2775 1447 2844 quibus
1466 2778 1578 2845 spatium
1600 2788 1677 2842 erat,
1697 2794 1749 2833 non
1771 2780 1857 2835 soluur
1876 2797 1927 2834 uon
1943 2781 2071 2846 ardendi,
2091 2782 2138 2836 sed

1353 2866 1433 2920 etiam
1451 2865 1573 2921 laurlaudi
1588 2868 1691 2922 Deum?
1703 2868 1830 2923 Drruribus
1849 2869 1939 2925 dicunt
1953 2887 1968 2924 a
1986 2873 2138 2928 eoelestibus

1354 2969 1436 3024 usque
1450 2955 1482 3009 ad
1497 2966 1600 3011 terrena
1612 2977 1618 3008 τ
1630 2956 1779 3024 Beuerlicite,
1791 2961 1910 3029 depranam
1920 2959 2003 3027 dicite,
2015 2970 2038 3015 et
2051 2979 2138 3031 supcr-

1354 3047 1461 3100 cnnitate
1473 3064 1528 3099 eunt
1541 3049 1568 3101 iu
1581 3050 1674 3103 secudu
1689 3049 1698 3121 (
1710 3051 1776 3104 liun.
1792 3066 1829 3115 ιιι,
1844 3051 1894 3116 20,
1908 3051 1942 3107 DD
1954 3055 1973 3122 ).
1990 3053 2060 3109 Eece
2073 3071 2138 3124 quu-

1353 3137 1433 3192 nrodo
1445 3138 1535 3192 dicunt
1547 3140 1682 3210 lrymrruur.
1695 3140 1777 3196 Neuru
1791 3143 1840 3196 boe
1853 3143 1957 3209 seruiat,
1971 3143 2039 3214 quod
2052 3154 2138 3199 mutus

1354 3227 1420 3297 lapis
1434 3238 1479 3284 aut
1496 3239 1596 3286 mutum
1616 3231 1713 3287 auirrral
1729 3232 1823 3289 lrabeat
1836 3234 1963 3291 rariouenr
1978 3235 2153 3307 intelligendi·

1355 3322 1437 3376 Deum
1452 3341 1459 3377 z
1474 3324 1525 3378 lroc
1537 3325 1581 3394 qni
1596 3336 1772 3396 putaverunt,
1788 3327 1898 3382 multum
1914 3344 1928 3382 a
1943 3330 2053 3384 veritate
2063 3329 2139 3384 alter-

1354 3424 1489 3468 ravevuut.
1508 3416 1578 3470 Deus
1589 3416 1719 3472 ordinavit
1732 3419 1831 3483 omnia,
1844 3428 1871 3472 et
1883 3417 1944 3473 lecit
1957 3419 2045 3474 omnia
2060 3437 2068 3473 :
2082 3420 2140 3489 qui-

1354 3504 1464 3558 busdam
1482 3505 1555 3561 dedit
1569 3522 1675 3561 sensum
1689 3549 1696 3572 ,
1711 3518 1737 3562 et
1752 3508 1929 3572 intellectum,
1943 3520 1970 3563 et
1985 3509 2139 3563 immortali-

1354 3607 1453 3663 tatem,
1476 3597 1544 3651 sieut
1565 3598 1691 3667 drrqelis:
1711 3598 1867 3669 quibusdam
1892 3599 1964 3654 dedit
1986 3614 2091 3654 sensum
2113 3611 2139 3655 et
2221 3584 2224 3589 ⁵

1355 3686 1515 3740 intellectum
1536 3702 1596 3740 cunr
1618 3688 1793 3752 mortalirate,
1814 3689 1881 3742 sieut
1900 3686 2066 3754 lrourinibus;
2081 3691 2137 3759 qrri·

1354 3778 1464 3832 busdam
1477 3777 1551 3833 dedit
1564 3794 1670 3835 sensum
1686 3782 1821 3849 eorporis,
1838 3797 1887 3835 nee
1901 3782 2072 3847 iutelleetnur,
2090 3799 2140 3836 nee

1354 3870 1577 3925 immortalitatem
1600 3871 1692 3934 dedit,
1714 3873 1780 3926 sicut
1805 3872 1960 3940 pecoribus:
1984 3872 2139 3940 quibusdam

1354 3975 1417 4015 vero
1431 3976 1479 4014 ure
1493 3976 1619 4024 sensum,
1636 3976 1684 4015 rrec
1698 3961 1877 4027 intellectum,
1893 3977 1942 4016 uec
1955 3962 2140 4020 inurorratiu-

1354 4036 1418 4114 tem,
1434 4050 1502 4104 sieut
1514 4051 1611 4112 herbis,
1627 4052 1714 4120 lignis,
1729 4052 1858 4120 lapidibus
1874 4070 1880 4104 :
1897 4063 1982 4107 taurea
1996 4063 2022 4106 et
2037 4054 2093 4121 ipsa
2112 4053 2137 4107 in

1354 4155 1450 4208 genere
1469 4154 1518 4192 suo
1535 4139 1628 4194 deesse
1643 4155 1694 4195 non
1710 4151 1836 4209 possum,
1853 4151 1878 4195 er
1891 4141 2015 4211 gradibus
2033 4143 2138 4210 quibus·
2197 4185 2200 4191 .

1354 4227 1415 4282 dam
1435 4228 1566 4282 ordinavit
1584 4230 1592 4260 ¹
1605 4240 1763 4295 creaturam,
1779 4246 1792 4282 a
1809 4238 1877 4284 term
1890 4229 2016 4299 usquead
2029 4231 2137 4293 eoelum,

1354 4335 1369 4374 a
1384 4320 1534 4375 visibilibus
1547 4319 1580 4374 ad
1595 4321 1744 4384 invisibilia,
1760 4337 1775 4374 a
1791 4320 1944 4375 mortalibus
1957 4319 1989 4374 ad
2004 4321 2139 4377 immorta-

1355 4407 1466 4486 lia.'ista
1486 4412 1620 4465 contextio
1640 4423 1787 4475 creaturae,
1803 4413 1852 4465 ista
1867 4412 2060 4469 ordirratissiura
2081 4416 2139 4483 pul-

1354 4504 1484 4569 elrritudn,
1501 4502 1611 4559 ab'imis
1624 4504 1657 4557 ad
1670 4519 1771 4558 sumrua
1786 4506 1985 4572 conscendens,
2001 4522 2015 4559 a
2028 4508 2140 4562 summis

1355 4597 1388 4662 ad
1403 4597 1455 4650 ima
1470 4596 1645 4677 descendens,
1660 4612 1788 4666 nusquam
1799 4595 1957 4665 iuteirupta,
1970 4600 2016 4654 sed
2027 4599 2140 4654 dissimi-

1355 4693 1424 4746 libus
1443 4699 1608 4759 temporala,
1625 4700 1677 4745 tuta
1696 4691 1783 4745 laudat
1799 4692 1891 4746 Deum.
1907 4692 1993 4760 Quare
2009 4709 2073 4763 ergo
2086 4703 2140 4750 teta

1356 4783 1445 4838 laudat
1458 4782 1539 4836 Deuru
1551 4782 1563 4836 ι
1576 4782 1640 4849 Quia
1655 4798 1715 4836 euur
1729 4798 1786 4837 eanr
1800 4783 1951 4838 consideras
1964 4795 1991 4839 et
2005 4784 2139 4854 pulclrraur

1356 4873 1439 4937 vides,
1456 4883 1482 4927 tu
1495 4873 1521 4926 in
1536 4873 1579 4926 illa
1596 4873 1685 4927 laudas
1699 4874 1791 4927 Deum.
1806 4872 1863 4928 Vox
1876 4874 1994 4942 quedam
2008 4885 2048 4929 est
2061 4884 2141 4928 mutan

1356 4973 1449 5029 ternu,
1463 4965 1566 5032 speeies
1580 4972 1668 5017 terne.
1683 4945 1804 5018 Atterrdis
1818 4972 1845 5017 et
1857 4963 1930 5018 uides
1944 4964 2001 5033 ejus
2013 4965 2139 5033 speeiem,

1356 5053 1429 5108 rides
1447 5053 1503 5124 ejus
1524 5053 1730 5120 lecrruditnteru,
1748 5053 1821 5121 riqs
1835 5057 1891 5123 ejus
1906 5055 1994 5120 riveS,
2009 5055 2140 5123 quoruodu

1355 5145 1486 5214 concipiat
1508 5160 1597 5199 seureu
1611 5185 1618 5208 ,
1633 5145 1765 5214 quomodo
1787 5145 1940 5216 plerumque
1959 5141 2051 5201 allerat
2069 5147 2139 5217 quud

1356 5252 1408 5291 nurr
1422 5247 1463 5293 est
1475 5237 1633 5292 seminarunt
1647 5256 1652 5288 :
1664 5237 1749 5302 vides,
1764 5247 1790 5290 et
1801 5237 2012 5292 consideratione
2026 5250 2067 5292 tua
2081 5249 2138 5292 tarr-

1356 5316 1434 5399 quam
1450 5329 1598 5399 iuterrugas
1617 5343 1695 5390 eam,
1711 5337 1737 5381 et
1752 5327 1807 5397 ipsu
1823 5329 1956 5397 inquisitio
1971 5328 2140 5398 iuterrogatio

1356 5432 1405 5476 est.
1421 5422 1486 5476 Cum
1499 5431 1585 5474 autem
1600 5419 1751 5489 inquisieris
1762 5418 1906 5484 admirans,
1921 5431 1947 5476 et
1960 5429 2138 5490 perscrutatus

1357 5514 1447 5582 lueris,
1459 5524 1485 5568 et
1496 5529 1614 5582 magnam
1626 5513 1688 5577 viru,
1702 5527 1821 5581 magnam
1833 5512 2064 5582 pulchritudinem,
2077 5528 2138 5580 pras·

1355 5608 1506 5676 elararuque
1521 5606 1642 5659 virtutem
1658 5606 1805 5668 inveneris,
1823 5605 1947 5674 quorriaur
1961 5603 2028 5674 apud
2043 5618 2073 5658 se
2085 5613 2137 5657 eta

1356 5713 1386 5753 se
1407 5697 1503 5751 tulere
1524 5697 1591 5751 lrauc
1611 5697 1733 5751 virtuteur
1753 5712 1805 5750 nnn
1828 5705 1934 5764 posset;
1954 5694 2078 5753 conb'truo
2094 5694 2139 5747 tilri

1355 5787 1428 5840 venir
1442 5787 1467 5839 irr
1484 5795 1619 5849 nreuteur,
1635 5786 1694 5854 quia
1709 5802 1760 5840 nun
1777 5785 1886 5855 potuita
1904 5801 1933 5838 se
1946 5799 2025 5849 esse,
2044 5783 2092 5837 uisi
2106 5786 2143 5839 alr-

1356 5878 1402 5932 illo
1417 5878 1554 5932 Creatore.
1570 5877 1602 5931 Et
1616 5878 1664 5931 lrue
1677 5877 1745 5946 quud
1766 5878 1837 5947 inlea
1858 5875 1997 5938 invenisti,
2011 5891 2061 5927 ros
2074 5888 2138 5929 eou-

1357 5966 1479 6023 lessiorris
1491 5967 1575 6037 ipsius
1588 5976 1639 6032 est,
1654 5977 1681 6021 ut
1696 5966 1786 6022 laudes
1798 5967 1959 6040 Creatorem.
1973 5965 2066 6021 Nonne
2076 5959 2142 6020 eorr-'
2153 5948 2180 5977 '⁸

1355 6159 1371 6208 b
1386 6103 1395 6171 ι
1414 6100 1501 6210 ιιὲοξιι.
1515 6108 1539 6149 et
1551 6106 1604 6150 lov.
1618 6099 1716 6160 addunt,
1731 6109 1752 6152 et
1769 6099 1859 6150 ornauit
1871 6110 1880 6148 .·
1891 6097 1954 6161 quod
1973 6110 1988 6148 a
2003 6100 2099 6151 aaran
2112 6098 2137 6148 b

1373 6174 1428 6210 usa
1447 6175 1472 6209 e·
1485 6197 1492 6209 .
