5400 7059
528 745 596 801 tt55

529 862 610 927 pitter,
630 858 668 913 sie
692 857 813 914 ridetur?
827 855 860 910 Et
885 854 921 908 illi
936 854 979 924 qui
1002 860 1201 916 remanserunt,
1216 849 1309 904 oeulos

529 954 640 1015 babent,
656 959 684 1005 et
698 964 749 1003 non
765 948 854 1002 vident
866 964 879 1012 ;Ι
894 963 973 1001 nares
986 947 1099 1011 linirent,
1123 954 1150 999 et
1171 958 1224 997 nou
1245 941 1310 996 odo·

529 1052 599 1099 rurrt.
619 1042 677 1096 Non
691 1041 807 1095 sentiunt
820 1040 891 1094 illum
907 1038 1016 1093 odorem
1032 1055 1039 1091 :
1054 1035 1146 1091 Cinaei
1157 1033 1236 1089 bonor
1248 1031 1311 1087 odor

530 1150 625 1196 retiner,
639 1133 707 1188 sicut
718 1132 783 1195 dicit
799 1130 986 1201 dpostolus,in
1001 1129 1068 1184 ontni
1079 1127 1133 1182 loco
1149 1125 1191 1197 (ll
1207 1125 1265 1180 tior.
1280 1139 1309 1178 u.

532 1227 589 1295 to).
600 1225 668 1291 Quid
683 1223 802 1295 prodest,
812 1223 873 1293 quia
887 1239 966 1277 arares
978 1222 1086 1283 habeut.
1099 1231 1127 1275 et
1139 1235 1190 1272 uon
1200 1217 1312 1272 odorant

531 1328 584 1372 tam
595 1333 701 1388 suavem
716 1314 949 1373 odoremeristi?
964 1315 1033 1370 Vere
1045 1315 1070 1367 in
1085 1314 1136 1368 illia
1151 1312 1247 1367 lactum
1259 1318 1310 1373 εει,

531 1417 558 1462 ει
574 1423 636 1464 uere
647 1409 682 1464 de
692 1408 744 1462 illis
758 1408 856 1463 dietum
869 1418 909 1462 est
922 1449 930 1471 ‚
943 1406 1044 1461 Similes
1053 1406 1104 1460 illie
1114 1405 1163 1460 rint
1178 1398 1313 1470 omnesqui

530 1499 628 1568 taciem
639 1516 678 1563 ea,
694 1510 717 1553 ct
732 1516 817 1552 amrrer
828 1515 870 1565 qur
887 1499 1017 1567 confidunt
1030 1499 1056 1551 in
1068 1498 1112 1551 eie.

567 1588 613 1642 25.
635 1586 709 1660 [cerr.
721 1590 764 1653 lb,
773 1586 831 1660 ab]
846 1586 898 1642 Sed
918 1587 1035 1658 quotidie
1048 1587 1159 1643 credunt
1172 1604 1219 1660 per
1232 1590 1313 1646 mira·

534 1678 593 1732 cula
607 1676 705 1734 Christi
719 1679 824 1733 Domini
840 1720 848 1744 ,
871 1666 998 1749 quotidic'
1009 1680 1164 1749 aperiuntur
1181 1683 1248 1737 oculi
1261 1698 1314 1738 oae-

533 1787 625 1825 corum
640 1779 668 1824 et
685 1786 763 1825 aures
782 1771 938 1836 surdorum,
955 1770 1115 1840 inspirantur
1129 1788 1207 1827 nares
1221 1774 1313 1829 insen·

535 1871 665 1933 satorum¹
677 1861 858 1917 dissoluuntur
871 1879 917 1916 ora
932 1873 1063 1917 mutorum
1078 1904 1085 1927 ,
1100 1866 1316 1935 constringuntur
1337 1923 1341 1933 ,

535 1968 630 2008 uranus
643 1954 860 2025 paralyticorum,
869 1955 1037 2025 corriguntur
1048 1954 1130 2024 pedes
1139 1955 1291 2011 claudorum
1305 1998 1313 2022 ,

531 2045 566 2100 de
579 2045 708 2114 lapidibus
729 2046 787 2101 istis
800 2047 948 2102 excitantur
963 2045 1008 2100 ulii
1022 2045 1157 2118 Abrabae(
1173 2047 1264 2101 llattb.
1274 2063 1313 2115 ur,

534 2135 579 2204 Di:
596 2137 692 2206 quibus
706 2136 829 2190 omnibus
846 2135 901 2206 jam
922 2136 1032 2200 dicatur,
1048 2134 1144 2192 Domus
1155 2135 1255 2203 lsrael,
1271 2137 1314 2193 be·

534 2227 641 2279 nedicire
654 2226 801 2281 Dominum.
812 2225 911 2282 Omnes
928 2225 975 2280 lilii
989 2225 1102 2281 Abrabae
1114 2244 1122 2293 ;
1136 2237 1163 2282 ct
1175 2226 1197 2281 si
1207 2225 1316 2298 delapi-

535 2317 614 2373 dibus
638 2319 696 2373 istis
714 2320 874 2373 suscitantur
887 2318 932 2372 lilii
954 2317 1077 2383 Abrabae,
1090 2317 1259 2372 manilestum
1273 2328 1316 2374 εει

532 2410 593 2478 quia
609 2409 646 2462 illi
671 2418 733 2463 surrt
755 2409 838 2478 magis
849 2407 945 2461 domus
959 2406 1047 2472 lsrael,
1062 2408 1105 2478 qui
1129 2409 1261 2477 pertinent
1279 2407 1314 2463 ad

535 2497 643 2551 domum
656 2496 747 2565 lsrael,
763 2500 807 2568 qui
823 2499 955 2568 pertinent
966 2497 998 2552 ad
1018 2512 1108 2552 sermo
1127 2497 1250 2563 Abrabae,
1262 2513 1315 2554 nott

532 2602 613 2642 carue
628 2629 636 2655 ,
649 2587 696 2644 sed
710 2587 762 2643 lide
776 2605 783 2640 :
801 2587 896 2643 Dantur
909 2586 1002 2654 lsrael,
1018 2586 1153 2642 benedicite
1168 2587 1313 2644 Dominum.

532 2681 584 2736 Sed
598 2680 686 2736 laede
700 2681 779 2736 domo
794 2681 838 2736 illa
852 2681 904 2736 dici
918 2722 926 2743 ,
939 2689 966 2736 et
979 2681 1103 2751 populum
1119 2680 1198 2735 lsrael
1213 2679 1313 2746 n·oeari;

531 2772 699 2828 crediderunt
719 2773 781 2828 iude
797 2773 918 2842 Apostoli
933 2781 961 2828 et
982 2774 1062 2827 millia
1082 2773 1309 2828 circumcisorum.

531 2863 630 2918 Domus
641 2861 735 2928 lsrael,
748 2863 883 2918 benedicite
895 2863 1044 2929 Dominam
1055 2862 1151 2917 Douma
1165 2863 1261 2929 Aaron,
1272 2864 1315 2917 be-

531 2954 794 3020 nediciteDominonr,·
808 2951 905 3008 Dantur
922 2952 1000 3019 beni,
1015 2952 1150 3008 benedicite
1167 2953 1313 3008 Dominam.

532 3049 684 3104 benedicite
705 3049 794 3118 populi
819 3047 978 3113 Dominum,
995 3046 1046 3101 boe
1057 3054 1115 3111 est,
1127 3046 1218 3100 domur
1232 3045 1314 3100 lerael

531 3139 700 3210 generaliten
709 3137 857 3194 benedicite
870 3137 1014 3207 prepositi,
1029 3136 1079 3191 boc
1091 3144 1142 3199 est,
1158 3135 1247 3190 danus
1260 3135 1314 3191 Aa·

446 3213 448 3223 ¹
533 3246 579 3284 ron
590 3246 601 3294 ,·
612 3229 760 3285 benedicite
773 3229 896 3296 ministri,
906 3229 957 3284 boe
968 3237 1019 3291 εει,
1027 3228 1115 3283 domna
1124 3227 1193 3283 leui.
1205 3228 1272 3294 Quid
1283 3229 1316 3285 de

532 3321 636 3377 catoris
660 3321 829 3377 nationibust
849 3322 899 3388 Qui
910 3322 1000 3376 tintetie
1012 3322 1148 3376 Dominam
1160 3363 1167 3386 ‚
1181 3321 1316 3377 benedicite

532 3411 678 3467 Dominum.

568 3504 612 3560 bb.
629 3502 704 3577 [nera.
714 3501 878 3577 dl.]0mnes
891 3520 955 3576 ergo
972 3519 1022 3559 una
1037 3520 1103 3561 voce
1116 3503 1315 3576 dicamusquod

532 3599 650 3666 sequitur
663 3615 671 3650 ε
691 3595 842 3652 Benedictus
852 3595 975 3651 Dominae
987 3614 1019 3653 ea
1032 3596 1111 3657 Sion.
1123 3598 1166 3667 qai
1180 3596 1274 3651 dabitat
1287 3597 1314 3652 in

532 3685 683 3740 Jerusalem.
694 3687 730 3740 Ex
741 3686 804 3742 Sion
819 3693 847 3741 et
857 3686 1014 3741 Jerusalem.
1028 3687 1090 3742 Sion
1102 3685 1260 3756 speculatio,
1270 3686 1315 3742 le-

533 3774 1315 3844 rusalemVisiopacislnqualerusalcmnuncbabitaturus

537 3864 601 3918 est?
615 3866 641 3919 ln
656 3865 699 3918 illa
712 3881 770 3935 qua
783 3866 899 3920 cecidit?
912 3866 981 3933 Nou,
997 3865 1090 3929 sedin
1107 3867 1148 3920 illa
1162 3877 1247 3922 matre
1265 3884 1315 3921 no-

537 3971 602 4027 stra,
617 3973 677 4027 quae
698 3958 776 4012 estin
790 3958 875 4023 erclis,
890 3957 985 4028 denua
999 3957 1099 4012 dictum
1114 3971 1164 4023 est,
1178 3957 1253 4011 ilnlti
1267 3958 1315 4028 tilii

533 4038 647 4113 clerertte,
662 4051 742 4120 mapir
753 4066 828 4119 quam
841 4052 960 4122 ejusque
972 4051 1044 4105 babet
1054 4053 1135 4104 uirum
1145 4051 1220 4124 (lsai.
1234 4052 1314 4118 utv,l;

536 4138 621 4194 Galat.
641 4156 677 4205 rr,
688 4139 798 4211 boet).
814 4139 889 4196 Nunc
902 4156 966 4211 ergo
981 4141 1107 4194 Dominus
1120 4155 1152 4195 ex
1162 4140 1230 4194 Sion
1240 4182 1247 4203 ‚
1256 4141 1315 4210 quia

536 4230 705 4299 speculamur
718 4231 804 4301 quoad
821 4232 908 4287 veniat
920 4233 946 4284 ¹:
961 4246 1032 4285 nuno
1045 4244 1131 4285 tamen
1151 4231 1275 4301 quarndiu
1289 4232 1315 4285 ia

534 4336 582 4389 spe
597 4323 730 4390 vivimus,
746 4324 772 4377 iu
785 4323 848 4378 Sion
871 4339 972 4379 sumus.
987 4323 1072 4377 Finita
1085 4323 1127 4377 via
1141 4322 1317 4378 habitabimus

535 4411 561 4466 iu
577 4412 620 4466 illa
635 4413 757 4480 civitate,
780 4430 839 4484 quae
859 4429 991 4484 uunquam
1018 4414 1118 4469 ruitura
1138 4423 1195 4472 est:
1210 4414 1270 4483 quia
1289 4422 1317 4469 et

534 4502 661 4559 Dominus
675 4504 775 4558 habitat
788 4505 813 4558 in
824 4519 865 4570 ea,
879 4516 905 4559 et
916 4504 1096 4560 aristoditeam
1106 4521 1114 4558 t
1125 4520 1184 4575 qua
1196 4513 1238 4560 est
1250 4503 1317 4560 visio

534 4596 607 4665 pacis
616 4606 713 4649 aterna
726 4596 886 4661 Jerusalem,
900 4599 972 4665 pacis
988 4597 1068 4657 illius,
1083 4594 1179 4651 iratres
1191 4596 1243 4650 utel
1255 4636 1262 4661 ‚
1273 4596 1317 4650 eui

536 4687 672 4742 laudandae
683 4688 770 4759 lingua
784 4704 835 4742 uon
852 4688 959 4753 suflicit,
975 4689 1018 4744 ubi
1034 4690 1134 4744 nullum
1148 4688 1251 4745 bostem
1261 4688 1316 4758 jam

535 4776 680 4831 sentiemus
695 4793 744 4832 nee
755 4779 780 4831 in
794 4778 910 4832 Ecclesia
925 4819 932 4840 ,
947 4795 995 4833 nec
1005 4789 1079 4833 extra
1092 4779 1238 4834 Ecclesiam
1248 4821 1256 4846 ,
1268 4794 1317 4834 nec

536 4866 656 4921 incarne
671 4876 777 4931 nostra,
791 4882 840 4921 nec
854 4868 880 4921 in
894 4868 1052 4936 cogitatione
1069 4878 1168 4922 nostra.
1184 4869 1318 4940 bbsorbe-

536 4955 608 5009 bitur
619 4972 690 5009 mors
704 4957 730 5010 in
744 4956 881 5011 victoriam
892 4958 915 5027 (Ι
924 4957 982 5027 Cor.
995 4974 1038 5023 xv,
1051 4957 1108 5026 bt),
1123 4968 1149 5013 et
1160 4959 1316 5013 vacabimus

536 5047 569 5100 ad
583 5046 724 5101 videndum
744 5048 826 5102 Deum
837 5047 863 5102 in
874 5063 939 5118 pace
951 5058 1048 5103 aeterna
1061 5088 1068 5113 ‚
1083 5047 1154 5103 eires
1167 5048 1315 5104 ierusalem

536 5137 597 5193 lacu
612 5138 724 5194 civitatis
736 5140 791 5194 Dei.

1157 742 1186 793 S.
1207 732 1385 792 tuubstmt
1406 733 1555 793 EDlSCOPl

2083 737 2153 794 tiit

1365 850 1464 905 nullum
1489 865 1593 906 versum
1621 851 1706 906 claudi
1730 852 1831 918 soluit,
1859 868 1907 922 per
1933 868 2012 922 quem
2035 853 2150 922 Spiritus

1364 951 1471 998 sanctus
1498 939 1616 997 condidit
1643 942 1788 997 Psalruum.
1805 942 1914 999 ilemini
1941 951 2031 997 autem
2057 960 2102 998 me
2124 946 2151 1000 in

1365 1033 1464 1103 psalmo
1476 1034 1621 1090 oetatesimo
1640 1035 1746 1103 quinto,
1757 1035 1801 1105 qui
1816 1035 1938 1090 similiter
1952 1034 2045 1104 incipit
2055 1077 2065 1097 .
2077 1051 2144 1105 quo·

1364 1126 1435 1181 niam
1453 1127 1537 1182 codex
1549 1143 1625 1196 quem
1641 1127 1771 1193 intuebar,
1789 1143 1840 1181 non
1856 1127 1955 1193 babet,
1969 1128 2149 1193 interereunt,

1365 1217 1422 1283 sed,
1438 1219 1465 1271 in
1476 1217 1594 1272 cuculum
1609 1217 1860 1287 inisericordiam·
1877 1219 2005 1288 quaesisse
2020 1217 2085 1288 quid
2100 1233 2149 1288 po·

1366 1310 1418 1362 tius
1435 1307 1580 1378 intelligere
1598 1307 1774 1362 deberemus:
1797 1309 1822 1363 in
1836 1323 1923 1379 greco
1940 1309 2011 1364 enlm
2026 1323 2148 1366 sermone

1365 1396 1491 1468 'scriptum
1504 1408 1555 1461 εει,
1570 1409 1602 1462 ne
1614 1403 1653 1453 eti
1665 1408 1741 1454 etone
1753 1400 1822 1470 quod
1835 1408 1864 1456 et
1878 1402 1903 1455 in
1914 1402 2035 1456 scemam
2049 1442 2058 1468 ‚
2074 1411 2100 1457 ει
2119 1403 2142 1458 ir

1365 1502 1486 1547 aternam
1500 1495 1667 1564 interpretari
1684 1503 1780 1564 potest.
1793 1493 1844 1550 Sed
1857 1494 1920 1565 quid
1932 1495 1986 1550 illic
1998 1537 2005 1561 ,
2017 1496 2144 1566 nepotari,

1366 1585 1535 1641 disseruerim
1550 1628 1558 1652 ‚
1572 1587 1650 1642 etiam
1667 1587 1709 1642 bie
1721 1596 1842 1665 retexere
1863 1588 1971 1657 lorrgum
1985 1598 2038 1644 est.
2054 1586 2081 1641 ln
2101 1589 2145 1643 isto

1366 1686 1454 1731 autem
1468 1678 1569 1746 psalmo
1588 1679 1666 1732 etiam
1682 1679 1752 1733 idem
1769 1680 1825 1748 ipse
1838 1679 1921 1734 cortex
1937 1694 1989 1732 raon
2011 1680 2109 1742 trahet,
2123 1682 2143 1734 in

1371 1768 1490 1821 iaculum
1502 1810 1509 1831 ,
1522 1768 1591 1838 qrtod
1605 1768 1723 1840 plerique
1735 1768 1834 1824 babent
1845 1785 1853 1834 3
1864 1768 1957 1834 sedin
1969 1779 2095 1824 aeternum
2104 1769 2142 1822 rni-

1365 1859 1502 1914 serieordia
1516 1860 1581 1930 ejus.
1603 1859 1678 1927 Quod
1693 1859 1742 1914 etsi
1757 1869 1817 1929 post
1827 1859 1956 1930 judicium
1971 1900 1979 1924 ,
1991 1875 2046 1929 quo
2060 1860 2086 1912 iu
2100 1860 2142 1915 line

1367 1955 1454 2009 snrerrli
1469 1952 1520 2008 riri
1533 1963 1560 2008 et
1572 1954 1668 2007 mortni
1680 1952 1815 2023 judicandi
1829 1962 1891 2008 suut
1904 1995 1912 2019 ,
1931 1953 2021 2007 missis
2033 1952 2110 2022 justis
2122 1953 2141 2008 in

1366 2048 1446 2102 vinam
1459 2057 1596 2111 aeternam,
1616 2046 1713 2117 iniquis
1727 2055 1816 2101 autem
1828 2046 1854 2100 in
1867 2044 2062 2100 ambustionem
2074 2053 2141 2100 mter·

1366 2156 1438 2200 narn.
1450 2156 1503 2212 pon
1515 2140 1702 2208 sintdeinceps
1714 2137 1794 2193 loturi
1808 2153 1919 2210 quercum
1928 2137 2016 2193 adbuc
2029 2139 2140 2192 miserea-

1367 2246 1408 2290 tnr
1420 2239 1509 2303 Deus;
1523 2246 1595 2292 reete
1610 2246 1696 2291 tamen
1711 2235 1821 2306 intelligi
1836 2245 1924 2307 potest
1937 2234 1962 2288 iu
1976 2245 2105 2290 aeteruum
2114 2234 2141 2287 lo

1369 2341 1425 2384 tum
1441 2330 1619 2385 misericordia
1627 2330 1694 2400 ejus,
1704 2343 1782 2399 qrram
1797 2332 1852 2382 suis
1864 2327 1963 2380 sanetis
1977 2325 2141 2395 fidelibusque

1366 2421 1494 2490 inanitur:
1511 2437 1563 2476 nou
1576 2422 1636 2492 quia
1650 2421 1676 2474 in
1689 2428 1817 2474 actertrum
1832 2418 1921 2472 miseri
1935 2428 2016 2472 erum
2029 2460 2037 2483 ,
2050 2428 2078 2470 et
2090 2417 2140 2470 ideo

1367 2513 1535 2569 murmurum
1560 2511 1816 2580 misericordiosius
1834 2509 2007 2581 indigebunt3
2022 2508 2070 2564 sed
2090 2509 2141 2579 quia

1367 2606 1422 2675 ipsa
1436 2605 1569 2660 beatitudo
1579 2621 1658 2675 quam
1675 2602 1885 2659 misericorditer
1904 2601 2010 2656 miseris
2024 2608 2141 2670 praestat‚

1367 2708 1396 2749 ut
1408 2710 1467 2750 esse
1477 2697 1566 2750 miseri
1579 2696 1703 2751 desinant
1716 2737 1723 2758 ,
1736 2704 1764 2751 ει
1775 2695 1845 2749 beati
1860 2693 1920 2749 css'e
1937 2694 2067 2764 incipiant
2077 2734 2085 2757 ‚
2097 2708 2141 2747 nor

1368 2788 1475 2842 babebit
1483 2787 1572 2851 briem,
1583 2787 1641 2843 ideo
1653 2788 1678 2841 in
1687 2797 1808 2841 eternum
1819 2784 1991 2840 misericordie
2003 2786 2067 2855 eine.
2075 2784 2141 2853 Quod

1367 2881 1437 2934 enim
1451 2879 1515 2948 justi
1530 2880 1630 2936 erlinus
1651 2895 1683 2935 ex
1699 2879 1815 2949 iniquis,
1829 2879 1884 2932 sani
1899 2892 1933 2933 ex
1947 2877 2063 2933 iubentis
2075 2921 2083 2945 ‚
2096 2877 2141 2933 rivi

1367 2983 1400 3027 ex
1413 2972 1524 3026 mortuis
1540 2970 1720 3036 ,immortales
1735 2984 1767 3025 ex
1787 2968 1959 3032 mortalibus,
1975 2968 2045 3024 beati
2064 2984 2095 3023 ex
2106 2969 2142 3024 ni

1367 3063 1452 3129 seris,
1466 3062 1645 3116 utiserieordia
1657 3061 1715 3132 ejus
1725 3069 1775 3117 est.
1789 3059 1845 3114 lloe
1857 3069 1944 3114 autem
1963 3059 2036 3128 quod
2051 3060 2086 3114 ita
2096 3059 2142 3114 erl·

1367 3169 1437 3222 mus
1452 3154 1478 3207 iu
1493 3164 1621 3208 arternum
1642 3154 1693 3208 erit
1706 3171 1713 3207 ε
1726 3166 1790 3222 ergo
1803 3151 1831 3204 in
1842 3161 1964 3205 alnetum
1977 3150 2143 3207 misericordia

1367 3246 1433 3315 ejrrr.
1449 3243 1572 3306 Proinde,
1584 3242 1744 3311 Confitenrini
1755 3239 1876 3305 Domino,
1889 3239 1913 3294 id
1928 3250 1985 3305 est,
2000 3239 2143 3295 confitendo

1367 3319 1472 3388 laudate
1487 3333 1640 3396 Dominum;
1656 3333 1775 3401 moniam
1788 3331 1877 3386 borrae.
1891 3329 1944 3385 Nec
1962 3347 2011 3401 pro
2022 3331 2073 3386 bae
2084 3344 2142 3384 cou-

1368 3424 1482 3479 lessione
1501 3422 1599 3493 aliquid
1621 3423 1685 3477 estis
1707 3423 1852 3492 temporale
1870 3423 2022 3493 smnpturi;
2036 3422 2143 3492 momen

1367 3518 1393 3572 in
1406 3527 1526 3573 abraam
1539 3516 1708 3572 ntirericordia
1721 3517 1776 3587 einr
1788 3558 1796 3582 ,
1808 3516 1834 3570 id
1848 3525 1900 3580 εει,
1914 3514 2142 3588 berrcdeiumquod

1367 3610 1443 3664 robis
1455 3608 1662 3664 misericorditer
1676 3618 1792 3676 prement,
1808 3619 1936 3663 aeteruum
1949 3618 2002 3664 cst.
2015 3609 2091 3677 erod
2102 3625 2141 3664 au-

1368 3711 1420 3755 tem
1435 3700 1523 3765 babet,
1539 3701 1663 3767 Quoniam
1673 3701 1761 3766 boneta,
1775 3715 1877 3770 genens
1888 3699 1968 3754 babet
1980 3703 2066 3767 ἀγαθὸς
2079 3719 2086 3753 ε
2099 3716 2142 3754 nou

1368 3792 1437 3847 sieut
1458 3793 1484 3846 iu
1500 3792 1600 3861 psalmo
1623 3792 1768 3845 centesimo
1780 3801 1806 3845 et
1822 3791 1931 3862 qrrinto;
1946 3791 2018 3861 qrrod
2042 3792 2077 3846 ibi
2091 3801 2140 3852 est.

1369 3883 1494 3952 Qaemm
1513 3883 1602 3948 banne,
1615 3897 1717 3952 gemeus
1735 3881 1814 3935 babet
1833 3890 1942 3951 χρηστός.
1959 3881 2021 3936 ldeo
2033 3881 2141 3936 nonnulli

1368 3977 1430 4032 illud
1441 3975 1604 4046 interpretati
1616 3984 1687 4042 sunt,
1698 3974 1828 4043 Quoniam
1841 3974 1929 4029 seratis
1942 3985 1995 4030 est.
2010 3980 2097 4041 Δγαιι,
2106 3990 2142 4026 au-

1368 4078 1421 4125 tem
1437 4085 1490 4124 non
1502 4078 1644 4139 utcumque
1660 4067 1755 4135 bouus,
1770 4068 1817 4124 sed
1827 4068 2053 4124 excellentissime
2069 4069 2141 4124 lutam

1367 4173 1419 4218 eSl.

1402 4252 1429 4307 b.
1449 4250 1533 4325 [aere.
1546 4250 1578 4313 2,
1591 4249 1637 4324 5.]
1657 4250 1755 4305 Deinde
1773 4251 1892 4321 seqnitur
1906 4268 1913 4305 :
1928 4249 2088 4319 Confiternini
2098 4247 2142 4304 Dee

1369 4343 1490 4408 deorum,·
1510 4342 1627 4413 quereiam
1640 4342 1667 4395 in
1680 4351 1801 4396 oetnnam
1815 4342 1988 4396 nrirericordia
2006 4343 2073 4412 ejas.
2088 4341 2141 4396 Con·

1369 4434 1474 4504 ptenarini
1485 4433 1594 4488 Domina
1608 4433 1786 4499 dominorum
1800 4435 1918 4504 quioniam
1930 4434 1957 4486 in
1972 4444 2092 4488 oeternum
2104 4432 2141 4486 uti·

1368 4524 1503 4578 rericardia
1521 4525 1584 4594 ejus.
1605 4524 1715 4589 Quinam
1735 4524 1788 4578 sint
1807 4523 1844 4578 dii
1859 4534 1884 4576 et
1898 4523 2019 4591 domini,
2041 4536 2140 4595 quonam

1368 4618 1478 4672 deorum
1493 4627 1520 4671 et
1534 4617 1699 4671 dominorum
1720 4615 1754 4670 sit
1771 4617 1840 4672 Deus
1854 4626 1880 4670 ει
1897 4615 2042 4679 Dominus,
2057 4616 2099 4686 qui
2109 4621 2141 4668 eat

1368 4724 1447 4763 verus
1465 4708 1553 4771 Deus;
1578 4708 1672 4761 merito
1686 4707 1767 4803 priapi
1787 4706 1865 4762 solet.
1888 4705 1923 4760 Et
1935 4706 2064 4776 scriptum
2079 4707 2140 4760 inre·

1369 4798 1456 4852 nlmus
1469 4798 1494 4850 iu
1505 4796 1557 4851 aiio
1568 4796 1679 4866 psalmo,
1692 4796 1757 4850 deos
1770 4797 1849 4850 etiam
1862 4795 1983 4851 homines
1995 4797 2140 4867 appellante,

1369 4889 1595 4953 strutionum
1613 4890 1678 4944 rtetit
1700 4889 1727 4942 in
1747 4906 1875 4960 rynapopa
1894 4889 2017 4952 deorum:
2031 4890 2058 4943 in
2073 4888 2140 4942 eredit

1358 4994 1453 5040 ¹autent
1465 4985 1524 5037 deor
1538 4984 1654 5037 discernit
1665 4998 1674 5035 :
1684 4992 1709 5036 et
1724 4981 1801 5052 paulo
1814 4989 1882 5050 post,
1898 4980 1953 5052 Epo
1965 4981 2029 5045 dict,
2044 4982 2087 5035 Dii
2095 4979 2140 5035 ertit

1369 5085 1393 5129 et
1404 5073 1452 5143 ptii
1464 5073 1563 5129 Eecdri
1576 5088 1681 5136 omner,·
1695 5088 1737 5127 oor
1750 5081 1832 5126 autem
1842 5082 1870 5125 ut
1880 5072 1992 5128 bontirree
2002 5070 2138 5132 moriemini,

1369 5177 1393 5220 et
1405 5166 1469 5220 sicut
1482 5182 1547 5218 mear
1559 5163 1753 5234 exprincipibus
1763 5163 1867 5216 cadetis.
1883 5163 1958 5230 Quod
1974 5162 2139 5219 testimonium

1309 5273 1326 5326 ἢ
1370 5258 1448 5312 etiam
1471 5255 1596 5310 Dominus
1619 5254 1645 5308 in
1667 5254 1808 5323 lli-arigelio
1828 5263 2020 5308 conmemorat
2041 5253 2140 5309 alienus:

679 5353 748 5415 ,ΙΝ
768 5353 956 5416 Psaxtttttt
989 5350 1139 5414 CXXXV

824 5476 1031 5533 Edtltbtxto.

573 5595 598 5645 l.
613 5590 695 5664 [aera
710 5591 736 5645 l.
750 5589 761 5663 ]
777 5588 935 5659 Confitemini
955 5589 1064 5644 Domino
1085 5588 1201 5661 quomam
1221 5587 1314 5653 bonae,

535 5683 654 5750 enunieret
675 5683 702 5737 in
723 5683 843 5737 aoecnlmn
862 5681 1033 5740 misericordia
1046 5682 1109 5750 ejtte.
1126 5680 1245 5735 Psalmus
1266 5679 1318 5735 iste

535 5774 639 5828 laudem
653 5772 771 5828 eontinet
784 5772 840 5838 Dei,
853 5780 880 5827 et
891 5771 983 5827 eodem
998 5770 1076 5825 modo
1090 5772 1116 5824 in
1130 5771 1251 5823 omnibus
1263 5769 1317 5824 suis

536 5863 655 5918 versibus
666 5863 831 5922 terminatur.
848 5860 971 5927 Proinde,
987 5861 1107 5931 queuntis
1120 5861 1161 5916 liic
1173 5861 1199 5914 in
1214 5858 1317 5914 laudem

540 5953 586 6007 Dei
601 5956 682 6010 multa
697 5955 827 6020 dicantur,
837 5954 952 6009 maxime
963 5963 1050 6008 tamen
1066 5951 1123 6021 ejus
1138 5948 1317 6005 misericordia

541 6048 750 6113 commendatur,
760 6047 901 6115 sineeujus
909 6045 1138 6101 contruendatioue
1150 6042 1316 6113 apertissima

568 6177 576 6209 ¹
587 6184 637 6226 tm.
650 6185 675 6228 et
686 6185 749 6240 ιιεε,
758 6180 820 6242 netad
828 6180 905 6230 reniet

1370 5345 1463 5401 Notene
1477 5346 1644 5414 scriptumest
1657 5345 1684 5397 in
1697 5343 1762 5414 che
1775 5352 1865 5409 uestra,
1879 5344 1949 5413 quia,
1963 5341 2020 5411 Epa
2033 5345 2096 5409 diri,
2108 5340 2141 5394 bd

1370 5439 1451 5494 estin?
1465 5438 1495 5493 Si
1507 5438 1564 5492 iliae
1577 5437 1641 5491 dicit
1654 5440 1724 5501 deor,
1738 5435 1771 5489 ad
1785 5451 1847 5504 paor
1859 5451 1940 5489 serrem
1951 5433 2000 5490 Dei
2013 5440 2094 5506 [actm
2104 5443 2140 5496 eat.

1370 5539 1393 5584 et
1407 5545 1456 5584 non
1469 5537 1548 5599 potcat
1562 5527 1623 5582 salui
1638 5527 1785 5596 Scriptura;
1801 5542 1873 5594 quern
1887 5525 1965 5581 Pater
1978 5526 2140 5596 sanctificarit,

1370 5631 1394 5674 et
1408 5619 1474 5673 misit
1488 5619 1513 5672 in
1526 5618 1658 5683 mundum,
1673 5634 1715 5671 uer
1728 5616 1809 5670 dicitis
1823 5616 1893 5685 prtia,
1907 5615 2082 5687 uta-ptime,
2095 5615 2142 5685 pult

1371 5711 1433 5774 dici,
1447 5708 1471 5762 F
1471 5710 1530 5764 iliter
1543 5707 1590 5762 bn·
1604 5725 1659 5762 runt
1671 5705 1761 5775 (duan.
1773 5723 1800 5771 x,
1813 5706 1932 5777 atomi
1945 5707 2002 5765 Non
2017 5723 2080 5778 ergo
2092 5704 2141 5777 qrriu

1370 5802 1432 5857 boui
1447 5810 1630 5863 sentennaco,
1646 5798 1693 5853 sed
1706 5798 1767 5868 quia
1781 5813 1869 5853 scruto
1884 5798 1931 5853 Dei
1951 5799 1986 5854 ad
1999 5801 2058 5855 illus
2071 5798 2143 5855 lactat

1370 5900 1428 5955 εει,
1443 5890 1565 5960 appellati
1584 5899 1646 5944 sunt
1664 5888 1710 5942 dii.
1733 5887 1798 5943 Naro
1819 5889 1842 5943 si
1857 5898 1996 5959 propterea
2017 5891 2078 5961 qnia
2092 5886 2142 5945 boni

1371 5990 1460 6038 essent
1479 5997 1584 6045 oriones,
1608 5997 1660 6034 riou
1682 5982 1720 6036 sic
1742 5997 1789 6036 eos
1810 5981 1975 6050 dijudicaret.
1997 5982 2066 6039 Cum
2083 5982 2143 6037 enim

1371 6074 1499 6136 dixisset,
1514 6072 1583 6126 Deua
1597 6073 1663 6125 stetit
1681 6074 1706 6125 in
1720 6089 1848 6142 npnnpopa
1861 6073 1984 6141 deornrn,·
1999 6090 2051 6130 non
2066 6075 2109 6139 ait.
2120 6072 2143 6127 lu

1377 6165 1466 6221 medio
1477 6165 1543 6220 deos
1554 6174 1582 6220 et
1595 6164 1714 6219 homiues
1728 6147 1864 6232 discernit,
1879 6177 2002 6239 tarrqrrmn
2015 6168 2148 6225 ostendent
