5400 7059
558 742 629 799 teto
1169 737 1200 791 S.
1220 736 1402 794 AUGUSle'i
1423 738 1573 796 cnecon
2109 735 2178 807 tw·

556 857 667 928 Quaultl
686 865 749 915 sunt
769 855 815 926 oui
828 868 888 915 non·
903 853 1082 925 moderna,
1102 853 1201 910 inuenti
1215 863 1277 911 suot
1290 853 1336 924 qui
1391 852 1418 907 lo
1433 852 1515 923 ligura
1527 863 1598 910 reeta
1611 856 1693 926 accipi
1708 857 1800 913 insule
1813 898 1820 923 ,
1834 873 1928 914 omnes
1942 860 2075 916 Ecclesiae.
2089 867 2179 930 Quare

555 950 622 1006 nibil
635 947 845 1021 exspectabant:
860 961 940 1018 quern
955 961 1007 1002 non
1021 946 1147 1002 nitebant
1161 945 1244 1002 Mum
1259 946 1337 1016 polli-
1390 943 1581 1013 insulsiouia
1592 947 1821 1002 cncutnlatraatur
1831 949 1952 1005 duretibns
1962 938 2079 1009 omnium
2091 963 2176 1013 tenta=

554 1043 705 1107 citatorum,
717 1037 1088 1109 inueneruntredemptorem.
1099 1038 1159 1096 lam
1169 1040 1241 1096 enim
1251 1041 1336 1098 Judaei
1389 1037 1500 1089 tionum.
1514 1036 1566 1092 Sed
1579 1039 1712 1107 utromodo
1729 1039 1811 1096 insula
1826 1043 1942 1111 undique
1951 1044 2176 1117 circumstrepen-

556 1135 681 1191 rcnebant
702 1132 785 1188 beorn
807 1132 1029 1202 pollicitatorem.
1051 1134 1115 1203 prtia
1140 1133 1178 1189 ibi
1195 1133 1335 1203 Propheta
1390 1128 1671 1187 tibuslluetibustuadi
1686 1141 1782 1201 potest,
1797 1133 1881 1204 frangi
1896 1150 1947 1189 aon
1963 1147 2059 1204 potest,
2073 1139 2172 1209 uragu

482 1236 489 1257 ¹
552 1226 687 1282 christum
699 1224 920 1295 praedicaverant,
934 1224 969 1279 ibi
987 1223 1122 1298 Christum
1140 1225 1333 1293 promiseraot3
1388 1235 1439 1288 oue
1459 1222 1515 1291 ipsu
1535 1221 1629 1293 intigit
1658 1225 1751 1280 daretne
1769 1226 1924 1292 uenientes,
1945 1241 2022 1297 quern
2045 1227 2177 1300 frangitur

552 1317 690 1386 5001qu
704 1315 862 1387 promissum
880 1316 1034 1382 audiet-ant,
1051 1324 1208 1384 prmsenoem
1221 1330 1274 1371 non
1286 1330 1334 1372 00-
1387 1312 1421 1366 {lb
1443 1314 1482 1368 eis
1496 1332 1503 1367 ἒ
1517 1314 1555 1370 Sic
1572 1325 1599 1370 dl
1620 1315 1745 1372 Ecclesia}
1769 1318 1815 1371 Del
1839 1317 1996 1387 pullulantes
2020 1335 2066 1390 pel·
2087 1308 2174 1379 toittnt

551 1418 719 1480 mouerant:
740 1408 794 1465 illis
813 1417 903 1464 antem
923 1409 1081 1478 promissum
1103 1408 1166 1464 niltil
1188 1417 1263 1474 erat;
1286 1409 1333 1465 sed
1386 1403 1477 1459 orbem
1506 1414 1651 1471 terrarum,
1665 1423 1750 1477 passe
1774 1417 1836 1464 sunt
1869 1409 2064 1477 persecutiones
2089 1410 2174 1467 ondi-

554 1510 642 1556 tamen
663 1500 690 1557 in
710 1499 853 1570 Prophetis
871 1498 998 1556 etiamde
1019 1498 1072 1555 ilde
1095 1500 1215 1569 ipsorum
1231 1500 1332 1556 dietum
1385 1509 1436 1564 otte
1459 1495 1625 1554 frementium
1650 1499 1814 1565 infidelium.
1837 1509 1864 1555 et
1886 1515 1949 1556 enee
1970 1502 2155 1563 suntirrsute.

549 1599 616 1647 crat.
627 1590 685 1648 Neo
697 1590 796 1648 dietum
810 1601 869 1647 erat
883 1591 965 1661 ipsis,
978 1592 1024 1653 sed
1034 1591 1133 1647 dietum
1142 1601 1201 1648 erat
1210 1591 1244 1652 de
1256 1593 1330 1663 ipsis.
1384 1587 1475 1656 etjam
1489 1588 1617 1657 plantum
1630 1599 1671 1645 est
1683 1605 1765 1646 mare.
1779 1589 1955 1647 lttcuodoooo
1971 1593 2060 1647 insule
2072 1594 2178 1659 mutu,
2197 1646 2201 1653 .

548 1772 613 1837 oen
624 1773 680 1842 pp„
693 1774 763 1830 epp„
776 1774 855 1831 100250
868 1775 947 1830 „1040
956 1776 1031 1831 ,opes
1046 1775 1113 1832 ιω,
1127 1786 1168 1832 est
1183 1778 1209 1832 p„
1221 1778 1331 1834 Actibm
1383 1769 1454 1824 stitia
1472 1781 1499 1825 et
1511 1770 1637 1836 jardirium
1658 1771 1768 1827 directio
1784 1772 1853 1826 scriis
1868 1772 1934 1843 rjus.
1952 1793 1961 1825 r
1976 1773 2100 1841 eribosr
2116 1790 2172 1830 ou·

548 1865 753 1933 tummim-um,
775 1865 909 1936 quomodo
922 1868 1043 1923 (genten-io
1052 1866 1191 1929 Cornelius
1203 1870 1327 1927 credidit,
1382 1861 1430 1917 bes
1443 1871 1470 1917 el
1483 1863 1567 1932 caligo
1581 1864 1606 1917 in
1620 1864 1732 1919 circilllil
1744 1864 1817 1932 djlis‘l
1829 1885 1838 1914 t
1848 1864 2076 1933 Qttlbusrjusiitltt
2090 1875 2117 1921 ΘΙ
2126 1864 2172 1940 jii-

546 1955 687 2019 Cornelius
695 1957 766 2013 enirn
775 1959 897 2015 centurio
906 1974 959 2015 non
972 1961 1070 2015 eratde
1078 1972 1158 2032 gente
1166 1961 1327 2019 iudeorum.
1382 1952 1478 2007 dicium
1492 1954 1603 2009 ᾱῑιθθῦθ
1613 1955 1685 2010 Sidis
1696 1955 1772 2026 elli?
1791 1977 1800 2009 ι
1818 1956 1906 2012 Nubes
1918 1967 1946 2012 0²
1962 1956 2047 2029 ⁰³¹5S⁰
2059 1957 2167 2027 ilidii&

547 2046 660 2116 οηιῃ,
673 2048 827 2119 jejunabat,
841 2052 1025 2123 epoemosyms
1046 2053 1169 2110 facieba,
1184 2054 1241 2110 No„
1255 2057 1328 2112 mum
1381 2045 1424 2114 qui
1437 2060 1497 2100 eum
1517 2061 1568 2100 ooo
1583 2045 1766 2102 intellexerunt
1777 2049 1892 2117 ;justitia
1903 2059 1929 2105 et
1939 2049 2066 2119 judicium
2083 2050 2170 2107 noeu-

546 2137 663 2195 dpsepuit
676 2139 746 2196 Deus
759 2143 880 2211 qumis
899 2141 925 2198 in
947 2141 1076 2199 Geminus
1089 2145 1279 2214 constitutum
1301 2158 1330 2203 οι
1380 2137 1440 2201 bue,
1451 2139 1495 2207 oni
1512 2138 1539 2193 ln
1550 2154 1610 2195 eum
1623 2139 1790 2195 crediderunt
1802 2158 1809 2194 ε
1822 2141 1859 2195 itti
1874 2142 1943 2195 ettlm
1958 2157 2005 2212 per
2014 2142 2167 2211 stuperbiuttt

546 2232 643 2288 missus
653 2241 696 2288 ω
709 2233 734 2289 01
746 2234 867 2305 angela,
878 2235 924 2306 qui
934 2236 970 2291 iffi
983 2238 1116 2293 numiam
1128 2237 1199 2308 quod
1213 2240 1329 2296 epoemo.
1380 2245 1432 2283 noo
1449 2228 1590 2295 uiderunt,
1603 2230 1639 2284 illi
1651 2246 1698 2302 per
1709 2230 1883 2286 humilitatem
1902 2230 1979 2302 dirigi
2000 2241 2165 2287 mutuemini.

545 2335 620 2393 Syn-'b
628 2331 656 2377 et
667 2323 803 2380 orationes
815 2325 897 2394 ipsius
907 2335 1023 2396 accepia}
1036 2326 1134 2383 fuerim
1144 2329 1213 2399 apud
1226 2330 1326 2387 Deufflg
1380 2320 1447 2378 Aodi
1461 2320 1545 2378 nubes
1555 2330 1582 2377 ei
1594 2322 1728 2384 nebulam.
1740 2330 1767 2377 ei
1781 2322 1839 2376 andi
1852 2321 1978 2392 jusiiliam
1988 2331 2014 2377 el
2024 2321 2166 2393 judicium.

544 2410 666 2476 eredidit,
681 2413 810 2471 edonem
822 2413 856 2470 ad
868 2431 898 2471 ee
907 2415 987 2473 Petro
1000 2418 1066 2488 (Act.
1079 2418 1117 2489 χ),
1129 2419 1263 2491 Numquid
1273 2437 1326 2478 00„
1379 2413 1797 2484 lpsellomionsait:inindicittm
1806 2431 1850 2486 epo
1860 2415 1959 2468 iriltuoc
1969 2414 2090 2469 trinodum
2097 2416 2166 2482 oerd,

545 2502 619 2558 illum
631 2512 734 2572 poterat
747 2503 844 2562 dooere
854 2506 984 2577 angelusi
994 2506 1064 2562 llisit
1077 2509 1151 2566 illum
1163 2510 1195 2566 ad
1206 2511 1324 2580 Petrum,

544 2602 573 2649 ut
584 2597 668 2666 mugit
679 2612 727 2666 per
740 2596 873 2653 bornioem
886 2599 922 2654 illi
937 2599 1003 2654 ildes
1022 2599 1111 2664 deren
1123 2602 1185 2672 quia
1205 2603 1327 2661 homines

542 2683 667 2755 onnus
685 2696 742 2742 erat
756 2687 888 2744 Dominus
904 2689 1012 2744 visitare
1033 2708 1040 2743 ι
1061 2705 1113 2748 uec
1133 2692 1327 2764 dedignabatur

543 2776 638 2832 illicere
652 2791 699 2846 per
712 2776 865 2844 ltonrinem,
885 2780 929 2849 oui
953 2779 1132 2851 dignatusest
1153 2798 1214 2838 esse
1234 2786 1324 2840 homo.

541 2867 587 2923 Sic
597 2882 661 2938 ergo
673 2869 786 2924 restitute
799 2879 836 2925 cst
848 2881 915 2924 terro
926 2873 999 2941 ejus,
1014 2887 1068 2928 uno
1093 2875 1193 2941 pariete
1203 2877 1325 2933 ueniente

540 2959 698 3026 «lebadea,
708 2962 795 3015 altero
810 2961 909 3030 pariete
922 2963 1045 3019 veniente
1056 2963 1248 3031 dedentibns;
1264 2969 1324 3038 ottid

541 3048 1324 3126 busduobusmrietibusdeditersovenientibusessetipse

540 3141 757 3211 lapisaoguluris,
768 3143 811 3198 ubi
822 3143 901 3199 ambo
912 3147 1206 3220 copularenturlldplles
1226 3167 1255 3212 n,
1264 3151 1321 3223 db).

574 3236 602 3291 3.
616 3234 712 3292 lterum
724 3237 859 3307 quomodo
871 3240 1032 3309 accipimus,
1044 3239 1108 3297 duur
1128 3252 1195 3297 terre
1211 3245 1265 3315 ejus
1277 3260 1322 3302 re·

539 3327 681 3381 stitueretur
688 3329 704 3382 l·
711 3325 778 3384 Corn
791 3343 857 3387 earo
868 3330 926 3397 eius
939 3331 1152 3388 immutaretur.
1166 3334 1240 3388 Alios
1250 3337 1321 3390 eoim

539 3419 705 3488 intellectus,
725 3430 814 3477 tamen
835 3437 850 3477 a
868 3421 974 3478 cbristo
986 3439 1039 3479 noo
1053 3425 1197 3492 recedens,
1219 3428 1258 3484 sic
1271 3443 1321 3498 po·

539 3521 588 3566 test
605 3511 682 3568 nobis
695 3526 837 3569 occurrere
857 3531 864 3566 :
887 3524 957 3570 tcrra
972 3517 1094 3572 restituta
1105 3559 1112 3584 ,
1125 3532 1189 3577 earo
1203 3521 1320 3576 resusci-

538 3611 601 3657 tata.
616 3603 678 3658 Post
690 3605 911 3660 resurrrectionem
923 3607 994 3661 coita
1012 3606 1095 3678 ipsius
1113 3607 1181 3664 laeta
1193 3620 1255 3664 sunt
1270 3611 1320 3666 ista

538 3693 627 3749 omnio
640 3709 699 3763 quur
709 3704 851 3750 cantantur
865 3696 892 3750 in
913 3696 1028 3750 Pmlmo.
1048 3697 1194 3753 Audiamus
1211 3701 1266 3768 iam
1286 3701 1321 3757 de

539 3795 618 3841 terre
635 3784 803 3840 restitutione
823 3786 956 3841 Psalmum
968 3788 1076 3860 plenum
1089 3789 1195 3860 gaudio.
1216 3783 1320 3850 tlrcttct

538 3876 616 3931 ttobis
637 3877 694 3944 lpse
716 3877 842 3932 dominns
858 3878 927 3933 bens
941 3891 1034 3934 noster
1051 3880 1158 3949 dignam
1181 3892 1261 3937 terite
1280 3885 1319 3940 rei

537 3970 760 4038 exspectationem
771 3981 799 4024 et
810 3969 1001 4038 jucunditatem
1015 3986 1023 4034 ;
1039 3971 1095 4040 ipse
1108 3987 1260 4028 sermonem
1273 3990 1321 4029 oo·

537 4070 621 4116 strum
636 4061 789 4118 moderetur
800 4071 891 4132 aptum
901 4063 1026 4118 cordibus
1043 4065 1156 4127 uestris,
1171 4074 1200 4121 nt
1210 4066 1320 4138 quiquid

538 4152 582 4207 laic
593 4153 709 4208 exsultat
722 4137 769 4207 em
780 4162 900 4208 uostrurn
914 4154 940 4208 in
955 4154 1052 4209 talibus
1066 4156 1240 4224 spectaculis,
1257 4173 1319 4228 per·

537 4245 617 4300 clueat
629 4244 663 4300 td
678 4245 793 4317 linguato
806 4286 813 4307 ,
828 4254 856 4301 et
867 4246 929 4301 inde
950 4245 975 4300 iu
988 4262 1070 4302 arares
1082 4257 1200 4315 taurus,
1221 4249 1319 4307 deinde
1339 4291 1341 4294 -

537 4336 566 4389 in
576 4349 624 4390 eor
634 4345 769 4404 rostrum,
790 4336 855 4392 iude
872 4337 897 4391 in
913 4337 981 4392 iacta
996 4346 1092 4394 restra.

569 4428 597 4482 ι.
612 4426 736 4482 beurim
756 4428 878 4498 amerit
896 4429 943 4485 lile
962 4430 1005 4499 qui
1026 4431 1100 4485 stetit
1112 4431 1317 4502 antejudicem,

535 4517 580 4572 ille
597 4517 643 4587 oui
661 4518 751 4589 alapas
760 4519 878 4588 accepit,
897 4520 942 4575 ille
965 4520 1008 4588 oui
1032 4519 1179 4592 flagellatus
1201 4523 1318 4584 cst,ilie

534 4607 579 4676 qui
590 4617 733 4676 eartspotus
745 4617 787 4663 est
797 4650 805 4673 ,
817 4609 860 4664 ille
877 4610 922 4679 qui
942 4610 1026 4675 aprinis·
1046 4622 1188 4665 coronatos
1199 4621 1259 4675 cst,
1274 4612 1319 4668 iile

534 4699 578 4763 md
591 4697 709 4768 eolapltis
720 4712 805 4753 cesus
818 4707 869 4761 est,
880 4698 924 4752 ille
933 4700 977 4766 oui
988 4701 1014 4753 io
1029 4700 1100 4770 liguo
1112 4715 1256 4770 suspensus
1265 4711 1316 4768 est,

534 4789 579 4843 ille
596 4789 638 4844 eui
662 4789 785 4858 pendenti
801 4790 827 4845 ira
849 4789 919 4860 liguo
940 4791 1091 4847 insultatum
1103 4802 1159 4857 est,
1176 4793 1220 4847 ille
1231 4793 1275 4862 qui
1290 4793 1316 4848 in

533 4892 613 4933 errice
629 4888 750 4934 monitus
762 4890 818 4944 ost;
839 4879 884 4957 ille
895 4880 939 4950 otri
954 4881 1043 4935 laroma
1057 4893 1257 4951 pemttssoeest,
1274 4884 1318 4939 ille

532 4969 576 5038 otri
598 4970 716 5040 sepultus
729 4979 788 5038 est,
801 4971 859 5042 ipse
877 4975 1034 5028 resurrexit.
1049 4974 1173 5030 Donatius
1194 4978 1318 5046 tepeant.

532 5062 648 5118 morbos
669 5075 795 5134 conatum
818 5078 926 5135 pmmtrnt
946 5081 1044 5136 regnam
1058 5067 1122 5137 quid
1136 5077 1198 5122 suot
1217 5067 1315 5124 lacuna

533 5154 595 5225 liegi
623 5170 782 5224 regnorum,
807 5156 917 5212 Domino
938 5158 1055 5212 omnitrm
1074 5173 1165 5227 rogum
1178 5157 1317 5223 ,Creatori

531 5245 649 5299 omnium
664 5245 839 5301 soctrlontml
849 5247 889 5301 An
905 5246 964 5303 ideo
982 5248 1176 5321 contemnitur,
1186 5249 1247 5318 ertia
1262 5259 1315 5304 tam

530 5335 689 5401 subnissus,
704 5345 731 5393 ut
745 5346 797 5391 tam
811 5338 916 5394 irrmilis
930 5340 1066 5408 apparuit?
1076 5339 1251 5395 lliserimrdia
1263 5351 1314 5408 est,

532 5442 585 5481 iton
601 5427 753 5498 impotentia
768 5445 778 5482 .·
793 5428 837 5483 ille
848 5428 919 5484 enim
932 5430 1038 5486 lntmilis
1057 5431 1192 5501 apparuit,
1208 5442 1237 5484 ut
1253 5446 1314 5488 eum

528 5533 696 5588 caperemus.
722 5518 775 5574 Sed
798 5519 852 5589 jam
871 5521 1007 5576 uideamus
1022 5541 1029 5576 :
1043 5521 1168 5577 dominus
1192 5523 1315 5593 recusum

531 5609 636 5664 atuitet
648 5621 714 5664 terro
725 5651 733 5675 ,
741 5609 914 5680 jucundentur
925 5612 1015 5667 insultu
1026 5613 1121 5666 moue.
1138 5612 1183 5666 no
1197 5612 1312 5681 qrrident,

531 5701 590 5770 quia
603 5702 711 5756 uerlnrm
727 5701 773 5755 bei
792 5716 845 5756 troo
867 5701 893 5755 io
908 5703 964 5757 sola
975 5703 1120 5757 emrtinenti
1135 5713 1205 5758 terra
1218 5703 1314 5773 prudi-

530 5802 617 5848 ortum
630 5803 690 5859 est,
705 5794 843 5850 sedetiam
863 5795 890 5849 in
910 5794 1002 5849 insulis
1013 5810 1073 5866 quar
1092 5795 1240 5850 cottsdtute
1249 5790 1316 5850 nuit

530 5883 558 5937 iu
570 5884 735 5940 mediomari
749 5895 793 5942 ret
809 5885 873 5956 ipsae
887 5886 971 5955 plene
983 5884 1141 5948 eluistionis,
1157 5887 1241 5956 plenae
1253 5897 1316 5941 suut
1339 5937 1341 5941 .

531 5973 753 6029 serviendium
766 5977 836 6031 enim
851 5986 956 6046 separat
969 5991 1042 6032 mare
1055 5992 1115 6032 etun
1130 5977 1173 6045 oui
1187 5975 1247 6033 iecit
1259 5991 1314 6032 maa

531 6078 570 6121 rt·-
585 6062 642 6129 Quo
655 6079 737 6120 naues
753 6080 861 6136 possum
874 6069 1015 6135 accedere,
1027 6069 1107 6124 terlio
1127 6068 1171 6123 uei
1190 6085 1242 6123 ooo
1255 6083 1315 6139 pos·

531 6154 611 6210 turn?
624 6151 740 6223 implete
758 6145 934 6213 snotinsule.
947 6157 1134 6217 Verumtamen
1159 6168 1269 6229 possum
1286 6168 1315 6215 et

1378 2514 1406 2557 ut
1423 2507 1465 2572 etti
1475 2521 1526 2558 non
1538 2505 1621 2559 uident
1630 2505 1738 2568 eidcoru,
1748 2514 1771 2559 et
1781 2507 1823 2573 orti
1836 2505 1917 2558 uiderat
1928 2505 1986 2558 cren
1993 2506 2057 2573 fiunt
2066 2505 2076 2576 (
2084 2503 2163 2560 locu.

1379 2610 1415 2660 nr,
1424 2595 1479 2666 oo).
1492 2595 1558 2664 Quid
1573 2605 1623 2661 est,
1632 2597 1675 2667 qui
1690 2595 1774 2651 uidem
1783 2596 1841 2650 ceci
1856 2597 1917 2664 piant
1929 2595 1999 2661 tout
2010 2595 2059 2650 sibi
2073 2595 2166 2652 videtu

1378 2685 1508 2752 videntur,
1520 2687 1563 2758 qui
1572 2687 1741 2758 sesopientes
1751 2697 1852 2758 partam,
1862 2686 1906 2757 qui
1915 2686 2164 2743 nonsibiarbitran·

1377 2778 2166 2848 turnecessariamotedieinam,ipsieaeeiliant,ipsiuonintel-

1376 2868 2165 2939 ligant.Quiautemconsident,uidcoot:quicaecitatenreon·

1376 2960 1494 3026 litentur,
1503 2962 1644 3017 illrnninori
1652 2972 1811 3016 mereantur.
1822 2961 1876 3016 Sit¹
1887 2978 1951 3033 ergo
1959 2963 1985 3014 io
1992 2962 2098 3016 circuitu
2105 2963 2162 3032 ejus

1375 3050 1451 3105 acies
1462 3061 1486 3106 et
1496 3052 1595 3123 colipo,
1612 3052 1652 3106 lais
1665 3052 1708 3122 qni
1724 3066 1784 3106 eom
1799 3067 1852 3106 non
1866 3062 2044 3124 coguoverunt
2056 3070 2064 3119 ;
2075 3052 2163 3108 cood-

1375 3142 1490 3198 tentibus
1500 3154 1587 3198 autem
1598 3155 1624 3200 et
1634 3143 1832 3199 humiliantibus
1839 3159 1879 3211 se,
1885 3144 1987 3212 iustitio
2001 3153 2025 3198 et
2032 3145 2163 3216 judicium

1374 3235 1476 3290 directio
1485 3235 1551 3290 tedis
1563 3237 1625 3305 eius.
1635 3235 1862 3305 Setlemejrndicit
1870 3251 1917 3291 eos
1928 3237 1998 3307 ipsos
2008 3237 2052 3307 qui
2061 3236 2086 3291 in
2096 3252 2161 3294 entn

1373 3326 1560 3383 erediderunt:
1575 3327 1608 3382 de
1620 3327 1757 3395 ipsiseoim
1766 3327 1815 3382 sibi
1827 3326 1888 3383 lecit
1897 3327 1998 3393 sedem,
2010 3329 2068 3398 quia
2080 3329 2106 3383 io
2118 3329 2163 3386 eiu

1373 3417 1758 3493 sedetSapieotimFiiioscaim
1769 3418 1959 3489 liei,Sapiemia
1971 3420 2015 3476 bei
2026 3418 2162 3492 estllCor.

1373 3522 1392 3570 t.
1406 3493 1464 3578 Ξι).
1478 3508 1632 3564 Audivimus
1643 3511 1653 3541 ¹
1666 3519 1753 3563 antem
1766 3523 1800 3565 er
1818 3508 1869 3563 alia
1882 3508 2016 3578 Scriptura
2032 3525 2162 3583 magnum

1373 3598 1451 3668 hirjats
1472 3600 1649 3670 intelligentie
1670 3601 1867 3657 documentum.
1888 3602 1977 3655 Animo
1988 3602 2053 3674 justi
2064 3644 2073 3669 ,
2086 3602 2163 3677 tedet

1371 3691 1509 3764 sapientie.
1526 3693 1594 3763 Ergo
1606 3692 1665 3764 qnia
1687 3693 1729 3748 isti
1753 3693 1814 3747 laeti
1826 3702 1887 3748 sunt
1901 3693 1980 3764 justi,
1993 3694 2037 3767 qrri
2055 3694 2082 3748 iu
2094 3709 2161 3750 eutn

1371 3781 1708 3853 erediderrrnt31ustilleati
1729 3800 1760 3840 ex
1777 3783 1915 3852 lideberi
1934 3796 1995 3840 snm
2016 3785 2096 3843 sedes
2116 3786 2160 3861 ip

1371 3875 1427 3930 sins
1440 3893 1446 3929 :
1460 3875 1534 3930 sedet
1554 3875 1579 3929 in
1601 3875 1684 3946 ipsis,
1702 3876 1822 3944 iudicans
1842 3890 1874 3931 eu
1897 3876 1960 3946 ipsis
1972 3917 1979 3942 ,
1991 3886 2019 3931 et
2039 3870 2162 3949 dirigent

1371 3984 1427 4023 etas.
1443 3967 1548 4038 Quare?
1561 3968 1627 4037 Quia
1642 3968 1794 4025 mansuetos
1816 3968 1933 4032 inuenit,
1947 3968 2027 4026 ueirtti
2036 3968 2158 4038 inruente

1371 4058 1461 4124 mitia,
1474 4074 1526 4114 non
1540 4057 1746 4124 recalcitrantia,
1760 4073 1812 4111 noo
1831 4057 1927 4113 collum
1947 4058 2090 4130 strperbum
2105 4059 2159 4115 tri-t

1371 4163 1463 4204 versus
1482 4152 1574 4221 jugum
1597 4148 1655 4220 ejus
1675 4150 1853 4214 euerrtieutia,
1875 4162 1928 4202 non
1941 4148 2074 4219 flagellum
2096 4149 2159 4219 eius

1371 4244 1518 4301 recusantia
1538 4262 1545 4298 :
1568 4242 1634 4300 laetu
1660 4251 1722 4300 sunt
1740 4243 1858 4313 jtunenta
1884 4243 1944 4313 ejus
1962 4242 2049 4308 bona,
2076 4258 2157 4301 man·

1370 4344 1463 4398 sueta:
1487 4343 1516 4391 et
1541 4344 1693 4391 mernerunt
1714 4332 1784 4404 ottod
1803 4333 1901 4389 dictum
1913 4344 1953 4389 est
1975 4333 2067 4389 inalio
2086 4336 2160 4403 psal..

1370 4444 1424 4492 mo,
1435 4426 1530 4498 Diripet
1543 4430 1613 4483 orites
1626 4429 1652 4481 io
1657 4426 1865 4498 iudiciodocedit
1878 4437 2019 4481 mastretot
2031 4427 2084 4482 cios
2095 4444 2157 4483 mot

1371 4518 1455 4592 (Psoi.
1467 4534 1536 4586 astu,
1548 4518 1585 4588 9).
1600 4519 1742 4586 Propterea
1762 4532 1825 4587 ergo
1843 4517 1894 4572 illis
1912 4517 1989 4575 noire
2011 4527 2034 4571 et
2052 4518 2155 4591 colico,

1370 4613 1504 4682 quianon
1528 4616 1589 4664 sut
1613 4610 1678 4664 rceti
1693 4609 1725 4674 ¹3
1751 4608 1894 4663 roansuetis
1923 4616 2031 4676 autem,
2050 4608 2159 4681 justitie

1369 4715 1393 4757 et
1402 4703 1528 4774 judicium
1542 4699 1719 4763 directiouedit
1732 4700 1795 4770 ejus.

1404 4797 1430 4849 6.
1443 4793 1523 4864 [tere
1539 4789 1582 4862 5.]
1597 4788 1669 4861 lonis
1682 4799 1740 4845 eote
1753 4806 1808 4845 eum
1823 4787 1919 4858 proluit
1929 4828 1939 4854 ,
1949 4796 1974 4843 et
1986 4788 2158 4858 infimnrnodit

1368 4884 1514 4953 incircuitu
1532 4883 1645 4936 irtioticot
1662 4882 1726 4952 ejus.
1741 4880 1777 4935 lie
1796 4893 1849 4948 nuo
1872 4879 1932 4949 igne
1943 4877 2006 4933 dicit
2016 4919 2025 4943 ,
2036 4875 2151 4943 irrttrcs,

1368 4975 1441 5046 lonis
1458 4984 1515 5029 onte
1533 4992 1588 5030 ento
1601 4973 1713 5043 prtet'bit,
1728 4983 1752 5026 ct
1766 4971 1931 5041 laeliumntolrt't
1943 4971 1969 5025 t'ri
1979 4970 2086 5024 cr'rcttt'tu
2100 4970 2153 5024 int-

1368 5070 1445 5123 oticos
1463 5067 1604 5138 ejuriNon
1628 5066 1741 5121 arbitror
1761 5065 1795 5120 de
1818 5064 1862 5118 illo
1877 5063 1936 5134 igue
1948 5061 2015 5125 dict,
2032 5062 2059 5116 in
2072 5076 2155 5133 quem

1368 5159 1487 5216 mittendi
1499 5168 1561 5215 serat
1571 5157 1643 5226 impii
1653 5157 1695 5211 ilia
1706 5154 1892 5226 ultimajodicii
1903 5152 2043 5219 sententia,
2054 5151 2153 5222 quibus

1368 5254 1400 5307 od
1414 5252 1546 5308 sinistram
1558 5251 1695 5317 separatis,
1709 5250 1775 5304 sieut
1788 5249 1815 5306 in
1829 5247 1970 5317 Evangelio
1984 5246 2080 5300 lectum
2091 5260 2152 5300 oto·

1367 5343 1508 5405 tninimus,
1521 5341 1637 5396 dietunrs
1647 5347 1702 5406 est,
1719 5338 1758 5393 lte
1767 5340 1792 5392 in
1807 5339 1889 5408 ionem
1900 5347 2037 5399 eternum,
2051 5335 2096 5404 qui
2104 5352 2151 5406 pu·

1366 5444 1437 5488 retur
1451 5443 1487 5487 ert
1499 5431 1598 5487 diuioio
1607 5440 1630 5486 ct
1643 5431 1738 5501 caprio
1750 5431 1805 5490 eius
1820 5428 1923 5500 (llottlr.
1938 5443 2000 5491 xxv,
2013 5426 2058 5497 il)
2073 5445 2079 5481 :
2096 5441 2149 5482 nou

1367 5534 1430 5593 puto
1442 5523 1476 5580 de
1490 5524 1533 5578 illo
1547 5523 1608 5593 igne
1625 5522 1687 5576 dici.
1698 5520 1773 5577 Unde
1792 5521 1843 5575 ltoc
1863 5536 1915 5576 noo
1930 5518 2013 5590 puto?
2027 5518 2099 5586 Quia
2114 5517 2149 5573 de

1367 5614 1479 5685 qttodam
1493 5614 1551 5684 igne
1564 5612 1644 5680 dicit,
1659 5611 1704 5682 qui
1719 5612 1894 5682 praetonante
1909 5610 1992 5676 illum,
2006 5617 2151 5678 urthtunn

1367 5707 1455 5761 vemat
1465 5705 1498 5761 ad
1509 5701 1646 5774 iodicium.
1661 5704 1762 5758 bietum
1773 5711 1815 5758 est
1825 5702 1895 5756 euim
1909 5702 2003 5771 preire
2016 5700 2104 5768 ignem
2123 5703 2148 5754 ei

1367 5795 1532 5854 inflammare
1541 5795 1567 5849 iu
1581 5795 1702 5859 circuitu,
1715 5793 1741 5848 id
1755 5804 1796 5848 cst
1807 5808 1853 5863 per
1865 5803 1946 5847 totum
1961 5791 2051 5845 orbem
2065 5798 2148 5844 terra-

1366 5903 1435 5955 cnm,
1445 5888 1565 5944 inimicos
1576 5885 1704 5974 ojus.⁴llle
1717 5887 1783 5958 iguis
1795 5894 1854 5956 post
1863 5885 1920 5955 ejus
1933 5885 2074 5942 adrentum
2088 5883 2148 5945 erit3

2107 6003 2118 6032 0

1399 6042 1407 6073 ¹
1420 6049 1452 6091 tta
1463 6046 1515 6090 ltss.
1527 6026 1554 6090 sl
1565 6039 1631 6100 edd,
1643 6041 1689 6091 sic.

1399 6105 1410 6134 ²
1420 6110 1523 6160 mutuor
1535 6109 1597 6159 tiss,
1607 6102 1745 6152 triduanus.

1401 6164 1513 6225 ¹eliotrot
1522 6170 1586 6228 ltus,
1601 6162 1707 6216 directi:
1721 6171 1746 6216 ct
1756 6164 1861 6228 ouiluuu
1872 6164 1995 6215 nometi.
2089 6243 2098 6258 ο
