5400 7059
546 736 608 793 toti

542 859 582 903 est
602 847 635 902 ad
650 846 770 903 salutem.
784 843 878 915 Irrupit
894 844 920 900 in
933 842 1040 900 domum
1054 857 1106 915 quo
1120 856 1173 897 non
1189 851 1245 899 erat
1257 841 1323 895 invi-

543 947 616 1004 tata;
639 937 686 993 sed
708 938 815 992 uulnera
832 935 955 999 babebat,
969 944 995 990 et
1015 933 1076 990 illue
1087 941 1195 989 venerat
1206 931 1250 987 ubi
1264 947 1320 988 me·

543 1032 620 1088 dicus
633 1031 810 1087 recumbebat.
835 1028 882 1084 llle
900 1036 987 1084 autem
1000 1027 1046 1099 qui
1060 1029 1216 1091 intruserat
1236 1025 1320 1080 medi-

542 1136 615 1188 eum,
628 1136 708 1177 sanus
720 1121 769 1176 sibi
784 1120 935 1184 videbatur;
948 1128 1087 1191 propterea
1101 1131 1154 1173 non
1169 1116 1320 1173 curabatur.

541 1212 600 1269 lam
613 1229 673 1284 qun
693 1221 838 1282 maritantur
859 1212 886 1268 in
908 1210 1048 1281 Evangelio
1069 1203 1164 1275 nostis,
1188 1208 1321 1281 quomodo

540 1302 668 1358 enninsus
681 1313 722 1358 est
737 1304 793 1374 ipse
807 1303 961 1372 pltarismus,
976 1301 1073 1358 cumei
1088 1300 1242 1357 ostenderet
1256 1300 1317 1371 quin

541 1404 569 1448 et
581 1394 652 1449 illam
667 1394 804 1449 mulierum
818 1404 935 1460 nouerat,
950 1403 977 1450 ει
986 1393 1170 1465 cogitationem
1186 1393 1322 1464 ipsiusau·

541 1485 627 1544 dierat
639 1487 713 1559 (tue.
728 1503 773 1554 vn,
790 1486 901 1558 auso).

576 1576 604 1634 6.
617 1575 669 1634 Sed
681 1576 714 1633 ad
728 1577 754 1633 id
767 1586 932 1632 revertamur
951 1574 1021 1646 quod
1035 1575 1114 1633 modo
1134 1575 1168 1631 de
1180 1574 1322 1646 Erarrgolin

541 1650 640 1724 1εείιιει
652 1675 711 1733 εει,
726 1666 796 1736 quod
809 1666 923 1736 pertinet
935 1664 968 1720 ad
982 1673 1138 1735 presentem
1151 1659 1256 1720 uersum
1276 1662 1320 1720 abi

540 1756 641 1821 dietum
656 1767 706 1821 est,
720 1755 733 1810 1
738 1757 856 1828 nuptarum
866 1766 902 1812 est
913 1755 1005 1828 paedia
1017 1771 1045 1809 os
1064 1764 1185 1817 nostrum,
1201 1765 1224 1809 et
1234 1754 1321 1826 linptta

541 1859 629 1906 naara
648 1850 831 1906 assultatione:
844 1849 986 1920 quaerimus
997 1848 1067 1904 enim
1081 1847 1150 1919 quod
1165 1862 1206 1908 os,
1220 1856 1248 1902 et
1261 1861 1321 1917 utrae

542 1940 640 2010 lingua.
654 1938 779 1995 attendat
797 1937 917 1995 Charitas
939 1948 1037 1994 uestra.
1049 1935 1202 1992 Insultatum
1214 1946 1254 1991 est
1270 1937 1318 1991 llo·

541 2033 625 2098 mino,
640 2032 701 2103 qnia
713 2046 765 2087 non
776 2030 836 2086 lotis
846 2029 967 2085 manibus
978 2027 1098 2101 discipuli
1109 2029 1166 2098 ejus
1179 2026 1321 2084 manduca·

541 2132 611 2178 rertt.
629 2121 773 2192 Respondit
788 2121 839 2176 illis
853 2120 979 2175 Dominus
990 2119 1059 2175 sicut
1069 2117 1217 2188 oportebat,
1232 2126 1259 2172 et
1273 2132 1321 2171 ro·

541 2214 608 2269 eatis
628 2213 710 2268 tarbis
731 2213 786 2267 ait:
802 2211 892 2265 datdite
911 2222 1013 2274 omnes,
1035 2218 1058 2264 et
1080 2208 1217 2280 inteilipite.
1243 2207 1322 2263 Omne

541 2302 609 2374 qnod
630 2303 707 2358 intrat
728 2303 754 2356 in
767 2318 804 2364 os,
819 2319 868 2356 non
889 2302 1032 2373 coinquinat
1046 2300 1181 2367 hominem,
1200 2298 1244 2354 sed
1256 2299 1322 2370 qaod

541 2395 603 2451 exit.
618 2391 892 2462 Quid-esthoeiCum
902 2391 978 2457 dixit,
994 2391 1067 2458 Quod
1076 2390 1154 2445 intrat
1163 2390 1189 2442 in
1198 2405 1237 2454 os,
1253 2405 1319 2443 non·

540 2486 592 2540 nisi
606 2499 636 2540 οε
651 2485 768 2555 eorporis
780 2483 862 2539 noluit
881 2482 1027 2537 ostendere.
1054 2481 1153 2536 intrant
1165 2478 1234 2536 enim
1249 2480 1320 2548 eibi,

541 2584 632 2633 etnam
647 2576 816 2647 coinquinant
826 2574 946 2629 homines
958 2573 1009 2629 eibi
1019 2589 1027 2637 ;
1039 2572 1110 2644 quia,
1123 2570 1216 2628 Omnia
1228 2572 1321 2627 manda

540 2669 641 2724 mandis
652 2683 661 2733 ,·
673 2676 710 2732 et,
725 2666 813 2720 (intans
832 2676 945 2720 creatum
961 2664 1143 2730 detornant,
1157 2673 1179 2717 et
1197 2663 1262 2718 niltil
1275 2661 1320 2716 ab·

536 2759 674 2830 ficientium
684 2758 751 2832 qnod
760 2775 816 2813 cum
825 2759 963 2830 gratiarnm
972 2758 1070 2812 actione
1078 2757 1213 2827 percipitur
1221 2754 1242 2829 (l
1252 2754 1319 2810 Tine.

539 2865 577 2918 rt,
593 2850 633 2921 1).
652 2850 680 2905 ln
694 2852 775 2920 ligura
788 2847 885 2904 ludaeis
898 2849 982 2918 posita
993 2854 1070 2903 erant
1080 2847 1211 2917 quadam,
1224 2855 1252 2902 ει
1272 2847 1321 2901 im·

541 2942 641 2998 tnttnda
653 2941 721 2995 dieta
733 2948 794 2994 stunt
809 2936 897 3010 (lenit.
909 2938 958 3003 ιι).
966 2937 1113 3008 Sedpostea
1123 2952 1201 3007 otram
1212 2939 1254 2992 lux
1265 2937 1320 3007 ipsa

540 3035 623 3097 uenit,
639 3041 747 3088 remotae
759 3040 821 3086 sunt
832 3030 941 3096 unrbra,
955 3044 1006 3084 non
1021 3042 1111 3084 sumus
1122 3029 1217 3084 retenti
1230 3029 1255 3082 in
1276 3028 1320 3084 tit-

532 3110 606 3191 iam,
632 3125 678 3180 sod
700 3125 821 3180 ririlicati
848 3125 874 3179 in
896 3124 988 3192 spiritu
1005 3139 1013 3178 :
1033 3131 1060 3178 et
1088 3138 1141 3178 nou
1158 3133 1198 3178 est
1213 3123 1322 3193 impost-

541 3226 595 3274 tum
605 3217 695 3285 jtrpum
708 3213 899 3271 observationis
908 3212 1073 3273 Christianis,
1087 3212 1156 3283 quod
1169 3211 1320 3282 impositam

541 3317 599 3363 erat
612 3306 712 3363 ludaeis
724 3323 731 3372 ;
745 3307 806 3376 qutia
822 3305 948 3360 llonrinns
961 3303 1043 3369 dixit,
1059 3302 1153 3375 dapum
1164 3304 1230 3358 eninr
1240 3319 1322 3358 meam

540 3399 615 3455 mnae
627 3408 673 3467 ert,
686 3409 710 3454 et
721 3398 822 3453 sarcina
835 3414 890 3452 ntea
901 3396 961 3450 leuis
973 3406 1009 3451 est
1021 3396 1031 3467 l
1042 3394 1133 3450 Multi.
1147 3410 1185 3462 ιι,
1200 3395 1244 3466 50)
1262 3411 1269 3447 :
1282 3403 1320 3460 ει,

541 3489 644 3553 onnia,
660 3489 695 3543 ait
708 3487 850 3557 Apostolus
862 3528 870 3551 ,
884 3486 979 3541 munda
991 3485 1090 3540 ntnndis
1104 3500 1114 3540 :
1128 3482 1264 3539 immundis
1273 3501 1321 3538 aa·

539 3588 588 3635 tern
607 3589 630 3634 et
647 3579 804 3648 infidelibus,
820 3578 884 3632 nibil
896 3588 931 3632 est
943 3577 1063 3631 mundant
1074 3590 1084 3641 ,¹
1096 3575 1139 3631 aeti
1158 3575 1252 3646 polluta
1263 3586 1321 3630 sunt

512 3656 520 3669 ’
538 3687 625 3727 eornm
637 3681 660 3727 et
674 3688 742 3727 mens
751 3679 783 3725 ει
796 3671 948 3726 conscientia
957 3671 966 3740 l
975 3669 1028 3724 ra.
1039 3685 1058 3737 ι,
1073 3669 1106 3724 ts
1117 3667 1136 3738 ).
1159 3669 1227 3738 Quid
1239 3670 1321 3725 voluit

537 3760 671 3833 iintelligil
694 3761 789 3817 Mundo
812 3760 911 3816 bomini
926 3769 952 3815 et
972 3761 1046 3831 panis
1062 3766 1089 3814 et
1102 3760 1209 3830 porcina
1222 3758 1319 3814 munda

535 3861 590 3918 eat,
598 3850 734 3906 immundo
742 3864 790 3906 neo
800 3849 884 3920 panis,
893 3865 942 3906 ιιεε
951 3849 1068 3920 porcina.
1077 3847 1219 3904 immundis
1225 3858 1318 3917 autem,

534 3943 634 4017 mouit,
645 3952 667 3998 et
679 3943 820 4012 infidelibus
830 3943 892 4005 niltii
904 3951 939 3997 εει
952 3941 1086 3997 ntundnan.
1101 3940 1189 4009 Quare
1201 3940 1264 3996 nihil
1279 3950 1320 3996 est

534 4036 689 4094 mundumi
705 4034 759 4093 sea
770 4035 867 4108 polluta
880 4045 948 4102 sunt,
964 4034 1064 4107 inquit,
1078 4050 1164 4090 eornm
1182 4044 1205 4090 et
1216 4051 1285 4089 mens
1295 4044 1319 4089 et

504 4184 509 4193 ,
533 4126 688 4184 temnentia
709 4141 720 4180 .·
743 4127 803 4197 quia
823 4126 977 4182 siinterius
1000 4125 1069 4195 quaid
1083 4133 1134 4192 est,
1157 4125 1318 4181 immundum

533 4225 580 4275 εει
591 4232 599 4283 ;
612 4216 677 4272 ioris
687 4217 756 4288 qarod
766 4215 891 4284 estnihil
903 4216 1028 4272 mundum
1038 4231 1098 4273 esse
1109 4225 1204 4287 potest.
1219 4216 1246 4273 Si
1257 4232 1320 4288 ergo

533 4309 592 4369 illis
604 4309 699 4382 quibus
710 4310 834 4365 interiora
848 4308 982 4364 immunda
996 4318 1067 4375 sunt,
1078 4308 1209 4364 exteriora
1221 4306 1318 4363 munda

532 4413 599 4457 esse
609 4413 663 4454 non
673 4409 798 4469 possunt;
812 4399 834 4453 si
845 4397 958 4453 volueris
970 4406 998 4452 ut
1007 4398 1138 4453 exteriora
1147 4397 1243 4454 munda
1255 4397 1318 4465 sint,

532 4489 665 4548 interiora
684 4489 821 4546 mundato.
838 4490 875 4545 lbi
889 4497 930 4545 εει
950 4491 1020 4545 enim
1033 4502 1064 4543 os
1077 4488 1146 4560 quod
1171 4488 1320 4559 implebitur

531 4581 585 4638 t'dti
604 4579 711 4652 gaudio,
732 4589 759 4636 et
779 4579 883 4652 otiando
901 4589 972 4635 taces
986 4597 993 4634 :
1008 4579 1113 4650 quando
1124 4579 1194 4634 enim
1210 4588 1281 4635 taces
1293 4588 1320 4635 et

531 4673 647 4749 gaudes,
666 4687 697 4728 os
718 4680 789 4728 tunm
814 4673 909 4729 elamat
928 4671 962 4727 ad
985 4671 1077 4728 ileum
1101 4669 1153 4726 Sed
1177 4670 1236 4727 ride
1249 4670 1320 4727 arride

529 4765 665 4839 gattdeas.
678 4766 705 4822 Si
717 4767 751 4822 de
762 4766 859 4821 suenio
868 4765 977 4836 gaudes,
990 4764 1125 4820 immundo
1138 4765 1234 4836 gaudio
1245 4765 1319 4820 roei·

531 4856 632 4915 terum
654 4857 686 4911 ad
712 4858 792 4912 Deum
810 4875 816 4911 :
831 4858 854 4913 si
874 4873 937 4913 sero
950 4857 983 4912 de
1006 4857 1189 4929 redemptione
1209 4857 1318 4929 gaudes,

530 4949 671 5029 utromodo
680 4950 744 5005 dixit
760 4951 877 5020 psalmus
889 4950 948 5016 iste,
963 4948 1026 5005 Cum
1037 4946 1320 5006 cotauerteretDorninns

532 5040 704 5111 eupttnintem
716 5038 788 5104 Sion,
803 5040 864 5113 facti
873 5055 960 5094 sumna
977 5039 1133 5109 jucundati:
1148 5048 1210 5096 lunc
1224 5039 1318 5110 imple·

533 5139 579 5186 tur
593 5145 658 5186 uero
669 5130 764 5202 gaudio
779 5145 808 5185 os
822 5141 904 5196 tutum,
918 5138 946 5185 et
960 5130 1047 5200 lingua
1060 5138 1103 5184 tua
1117 5129 1294 5186 exsultatione
1308 5148 1316 5185 z

532 5220 705 5285 manifestum
719 5229 760 5276 est
781 5221 841 5291 quia
857 5222 882 5276 in
896 5235 942 5289 spe
955 5218 1064 5290 gaudes,
1079 5227 1106 5273 et
1129 5230 1265 5288 acceptum
1279 5230 1320 5275 est

531 5314 661 5386 gaudium
689 5321 761 5368 latim
779 5312 847 5382 apud
872 5312 965 5367 liettm.
989 5310 1017 5366 ln
1039 5311 1096 5380 ipso
1107 5311 1213 5381 gaudio,
1227 5311 1268 5366 rel
1292 5311 1318 5366 in

531 5405 595 5476 ipso
607 5421 655 5461 ore
668 5404 738 5475 qarod
760 5405 887 5459 habemns
900 5405 986 5467 intus,
1002 5411 1029 5458 et
1039 5401 1229 5475 manducamus
1243 5410 1269 5457 ει
1281 5402 1320 5456 lti-

533 5496 625 5553 bimus
641 5514 647 5551 :
664 5498 732 5552 sicut
747 5496 780 5552 de
792 5496 843 5551 isto
853 5512 900 5551 ore
912 5496 944 5550 ad
956 5495 1127 5550 relectionem
1140 5486 1271 5563 eorporis,
1282 5495 1320 5550 siu

535 5600 563 5646 ει
577 5590 612 5645 de
625 5589 671 5643 illo
682 5605 728 5644 ore
743 5590 774 5643 ad
788 5589 959 5645 reiectionem
973 5588 1070 5643 cordis.
1085 5585 1150 5642 Nam
1166 5587 1235 5652 inde,
1249 5585 1321 5643 Bruti

535 5682 578 5750 qni
602 5683 715 5736 esuriunt
729 5692 753 5735 et
764 5683 852 5736 sitiunt
860 5682 1002 5751 justitiane,
1026 5680 1144 5750 qnoniam
1157 5680 1205 5750 ipsi
1219 5689 1320 5734 satura-

537 5775 629 5828 ittntttr
643 5772 747 5844 (liatiit.
763 5789 791 5840 v,
804 5771 849 5843 6).

572 5864 599 5919 t.
614 5864 642 5921 Si
655 5874 743 5920 antem
757 5881 808 5919 non
825 5865 885 5919 lacit
896 5864 1058 5919 immundum
1073 5864 1122 5919 nisi
1134 5862 1204 5934 quod
1216 5863 1270 5918 exit
1284 5863 1320 5917 de

538 5968 596 6017 ore,
610 5963 637 6008 ut
650 5953 700 6009 boe
712 5970 771 6007 eum
786 5953 907 6008 audimus
921 5954 945 6006 in
959 5954 1110 6021 Eramtelio,
1125 5969 1177 6009 non
1194 5951 1319 6020 intelligi-

538 6063 597 6104 ntns
612 6047 662 6102 nisi
673 6063 703 6102 os
715 6048 850 6118 corporis;
864 6047 1007 6101 alisnrdnm
1020 6059 1060 6103 εει
1070 6058 1096 6103 ει
1106 6048 1185 6103 nimis
1195 6049 1316 6112 stultam,

538 6146 567 6194 ιιι
579 6147 642 6194 tunc
658 6147 777 6211 putemus
791 6154 842 6193 non
856 6138 911 6193 beri
925 6135 1087 6193 immundum
1102 6138 1245 6207 honinem,
1259 6152 1319 6195 cum

1080 727 1275 785 [titubatio
1294 727 1326 784 tlt
1345 729 1503 789 rsittttttt
1521 732 1624 791 CXXV.

1992 566 2154 796 lm,
2192 721 2195 742 ἑ

1379 845 1536 912 manducat,
1550 857 1612 903 tatae
1632 857 1719 906 autern
1742 860 1862 922 putemus
1875 855 2056 926 immundum,
2071 861 2093 914 si
2108 874 2155 915 vo·

1374 944 1439 987 mat.
1461 936 1505 990 Ait
1518 938 1587 992 enim
1602 939 1726 997 Dourinns
1746 959 1753 996 r
1768 943 1828 999 Nou
1841 947 1908 1016 quoti
1920 948 1995 1003 intrat
2010 950 2037 1004 in
2049 967 2086 1017 os,
2108 951 2153 1006 aad

1374 1024 1442 1094 qaod
1461 1026 1521 1095 enit,
1541 1030 1692 1099 emnqainat.
1713 1033 1824 1099 Qatnndo
1843 1052 1905 1108 ergo
1926 1040 2077 1117 manducas,
2100 1058 2154 1098 nnn

1374 1114 1406 1169 lls
1419 1115 1585 1184 immurtdus;
1598 1129 1625 1175 ει
1636 1122 1741 1191 quando
1753 1127 1846 1194 tumis,
1862 1127 1974 1185 eitleeris
1986 1123 2153 1188 immundus!

1373 1203 1484 1274 Quando
1506 1208 1592 1273 bibis,
1608 1225 1660 1266 non
1684 1227 1713 1267 es
1727 1215 1895 1284 itnmundos;
1910 1230 1937 1274 et
1950 1222 2055 1291 quatrtlo
2067 1224 2151 1291 spatis,

1374 1297 1523 1354 immundus
1536 1302 1586 1356 esi
1599 1302 1709 1371 Quando
1729 1306 1801 1375 spuis
1823 1310 1893 1364 enim
1906 1352 1914 1376 ,
1930 1311 1962 1366 de
1974 1328 2020 1366 ore
2042 1324 2086 1365 ttm
2099 1312 2154 1368 exit

1373 1387 1489 1458 aliqtrid3
1505 1391 1609 1460 qtraadu
1622 1393 1700 1460 bibis,
1721 1395 1748 1450 in
1762 1411 1792 1451 os
1807 1398 1886 1453 intrat
1904 1400 2011 1470 aliquid.
2025 1401 2093 1470 Quid
2105 1417 2153 1457 ro·

1373 1477 1421 1531 luit
1431 1477 1518 1535 dicere
1540 1481 1676 1548 Dominus,
1691 1483 1751 1540 Non
1765 1488 1832 1557 qnod
1851 1490 1927 1542 intrat
1940 1491 1966 1543 in
1980 1508 2018 1553 os,
2033 1493 2076 1545 red
2088 1492 2154 1561 quati

1373 1569 1434 1633 exit,
1457 1571 1595 1643 inquinat?
1608 1573 1719 1631 δεεειιιε
1737 1578 1830 1645 eodem
1844 1579 1903 1634 loco
1916 1582 2060 1637 seuurmum
2073 1584 2153 1638 aliunt

1372 1661 1559 1728 evangelistam
1574 1662 1713 1735 dixitque
1731 1675 1795 1721 sunt
1806 1684 1865 1739 quate
1881 1670 2027 1738 procedant
2041 1672 2075 1728 de
2086 1689 2151 1736 ote;
2181 1657 2184 1663 ’
2274 1694 2277 1701 ·

1372 1759 1401 1804 ιιι
1411 1750 1541 1823 inteiligas
1554 1769 1605 1809 non
1619 1756 1652 1810 de
1661 1768 1708 1812 ote
1720 1760 1841 1829 eorporis
1850 1776 1911 1824 etim
1934 1761 2045 1829 dixisse,
2061 1762 2107 1818 sed
2120 1763 2154 1819 de

1372 1854 1419 1898 ore
1430 1843 1528 1898 cordis.
1539 1845 1583 1899 Ait
1594 1847 1663 1901 enim
1679 1865 1687 1902 ε
1698 1846 1739 1903 ‘De
1755 1850 1829 1903 carde
1841 1852 1906 1905 enim
1918 1861 2009 1906 munt
2020 1854 2154 1925 capitatio-

1371 1945 1415 1989 nes
1429 1936 1512 2003 nutu,
1528 1938 1719 2009 fornicationes,
1731 1941 1876 2010 homicidia,
1901 1943 2077 2016 blasphemiter
2099 1946 2154 1999 irae

1370 2034 1429 2079 tant
1460 2042 1516 2097 aaa
1540 2029 1701 2099 coinquinant
1731 2031 1856 2086 donuinam
1882 2048 1892 2088 :
1919 2051 1970 2089 non
1993 2037 2049 2091 lotis
2073 2047 2155 2091 auton

1371 2116 1485 2171 omnibns
1497 2119 1659 2188 munducare,
1673 2138 1723 2176 non
1745 2124 1889 2193 coinquinat
1906 2126 2032 2182 bominem
2046 2126 2153 2196 (llattit.

1372 2220 1418 2274 xv,
1433 2207 1517 2275 l·20;
1529 2219 1554 2265 et
1568 2211 1649 2265 liare.
1664 2229 1710 2277 ιιι,
1724 2214 1790 2270 5-25
1800 2214 1819 2286 ).
1837 2215 1881 2271 llla
1893 2232 1966 2287 ergo,
1981 2216 2078 2273 iratres
2089 2219 2153 2286 mei,

1370 2299 1503 2367 quomodo
1523 2305 1621 2356 exeunt
1641 2302 1674 2356 de
1694 2318 1761 2377 ope,
1775 2305 1824 2359 nisi
1841 2306 1901 2376 quia
1921 2318 2011 2362 neunt
2022 2308 2055 2362 de
2066 2309 2154 2375 corde,

1370 2389 1438 2443 sieut
1454 2389 1510 2460 ipse
1521 2391 1735 2449 bominusdicitl
1745 2394 1801 2449 Non
1814 2396 1884 2450 enim
1897 2397 2003 2466 quando
2013 2398 2056 2453 illa
2067 2398 2154 2469 loqui·

1370 2493 1440 2548 mur,
1453 2487 1516 2535 tuno
1530 2496 1578 2536 nos
1597 2484 1738 2539 maculant.
1757 2483 1796 2540 Ne
1809 2487 1867 2556 qtris
1881 2486 1951 2541 dieat
1963 2505 1970 2542 :
1983 2486 2094 2557 Quando
2115 2489 2155 2543 lo·

1371 2569 1489 2638 quintur,
1514 2568 1548 2626 de
1560 2585 1608 2628 ore
1630 2581 1721 2628 nostro
1742 2584 1850 2641 exerant,
1863 2577 1924 2647 quia
1936 2578 2014 2633 rerba
2027 2587 2055 2632 et
2077 2591 2155 2634 ιεεεε

1370 2659 1404 2716 de
1418 2675 1464 2715 ore
1478 2670 1692 2730 nostroexennt;
1707 2674 1734 2721 et
1745 2666 1851 2735 quando
1864 2667 1931 2722 mala
1948 2668 2090 2738 loquimar,
2103 2669 2155 2724 int·

1371 2749 1461 2804 mundi
1485 2749 1624 2806 elicimus.
1651 2753 1718 2822 Quid
1746 2755 1767 2809 si
1787 2756 1881 2825 aliquis
1908 2771 1959 2811 non
1981 2757 2113 2829 loquatur,
2128 2767 2154 2815 ει

1370 2851 1470 2897 tantum
1480 2844 1577 2912 oogitet
1591 2845 1669 2910 mala,
1690 2846 1803 2902 mundus
1816 2856 1857 2903 εει
1870 2889 1879 2915 ,
1894 2848 1955 2918 quin
1967 2848 2001 2903 de
2012 2863 2059 2905 ore
2073 2849 2154 2918 ipsius

1370 2934 1489 3004 corporis
1501 2934 1564 2989 nibil
1576 2936 1723 3006 prooessit?
1733 2937 1784 2993 Sed
1799 2937 1833 2994 de
1845 2953 1892 2995 ore
1916 2939 2004 2994 cordis
2016 2941 2070 3009 jam
2086 2942 2154 2995 bears
2241 2988 2250 3009 ,

1370 3024 1477 3079 audiuit.
1489 3025 1567 3091 Εεεε,
1578 3025 1673 3083 iratres
1681 3028 1749 3094 mei,
1761 3029 1954 3101 attenditeonm
1962 3031 2030 3087 dieo.
2041 3029 2153 3088 Nomina

1370 3113 1468 3171 lurtum
1482 3134 1490 3171 ε
1503 3117 1583 3174 ιιιοιΙο
1606 3120 1737 3176 nominati
1753 3113 1866 3189 lurtum;
1887 3124 2013 3193 numquid
2027 3125 2088 3196 quia
2102 3141 2153 3181 no·

1370 3207 1467 3263 minati
1488 3208 1602 3277 lirrtum,
1627 3211 1816 3268 contaminarit
1840 3229 1883 3268 me
1905 3214 2023 3270 lurtum?
2037 3215 2152 3273 ΕεεειΙε

1370 3311 1417 3353 ore
1428 3313 1489 3354 meo
1501 3301 1574 3362 exiit,
1587 3310 1612 3355 et
1624 3317 1677 3355 non
1690 3317 1732 3358 me
1742 3301 1803 3357 lecit
1813 3303 1987 3359 immundum.
2000 3304 2054 3361 Fur
2065 3315 2152 3363 aunem

1370 3388 1453 3458 surgit
1473 3389 1500 3443 in
1514 3396 1603 3457 noete,
1617 3399 1643 3445 et
1658 3390 1722 3444 nibil
1738 3390 1802 3446 dicit
1815 3407 1878 3458 ore,
1892 3402 1919 3448 et
1931 3393 2051 3449 iaciendo
2065 3394 2094 3450 dt
2105 3395 2152 3449 im-

1370 3477 1493 3534 mundus.
1505 3478 1561 3535 Non
1574 3480 1660 3535 solum
1674 3495 1726 3536 non
1738 3481 1811 3549 dicit,
1833 3481 1882 3538 sed
1895 3491 1922 3537 et
1936 3485 2034 3553 premit
2052 3484 2152 3541 lacinus

1371 3575 1426 3623 tuto
1438 3568 1558 3635 silentio;
1569 3580 1596 3626 et
1605 3585 1688 3642 usque
1701 3571 1767 3627 adeo
1778 3586 1870 3627 vooem
1879 3586 1953 3628 suant
1967 3574 2041 3630 timet
2053 3574 2151 3644 audiri,

1370 3666 1399 3732 ut
1409 3673 1459 3714 neo
1472 3659 1586 3730 uestigia
1598 3674 1645 3714 sua
1656 3661 1720 3715 uelit
1734 3676 1831 3717 sonare
1845 3679 1852 3716 ι
1868 3662 1995 3734 numquid
2015 3678 2079 3734 ergo
2092 3666 2152 3734 quia

1370 3746 1405 3802 ita
1415 3747 1487 3813 silet,
1503 3747 1618 3802 mundus
1636 3749 1698 3803 esti
1710 3750 1772 3804 Plus
1784 3761 1872 3806 autem
1885 3752 1957 3818 dieo,
1977 3753 2070 3810 iratres
2088 3756 2151 3810 mei.

1370 3837 1439 3894 Εεεε
1450 3827 1537 3893 adbue
1558 3838 1584 3894 in
1603 3846 1688 3895 strata
1703 3856 1751 3896 sao
1763 3841 1845 3910 iacet,
1869 3844 1984 3900 nondum
1998 3847 2112 3902 surrexit
2125 3855 2152 3902 ut

1369 3928 1467 3986 lurtum
1486 3930 1583 3994 laciat;
1599 3930 1705 4002 vigilat,
1719 3940 1746 3987 et
1759 3943 1896 4003 exspectat
1915 3943 1945 3990 ut
1958 3934 2079 3992 bomines
2089 3937 2150 3992 dor·

1369 4020 1453 4074 miant
1467 4019 1539 4090 :jam
1553 4020 1607 4075 Deo
1621 4021 1727 4088 clamat,
1741 4022 1795 4090 jam
1810 4023 1851 4077 lur
1864 4032 1915 4088 εει,
1934 4024 1990 4093 jam
2002 4025 2153 4080 immundas

1369 4122 1420 4173 εει,
1433 4111 1487 4180 jam
1503 4110 1602 4165 lacinus
1616 4110 1650 4166 de
1664 4127 1710 4168 ore
1734 4113 1861 4168 interiore
1881 4116 2019 4184 processit.
2043 4116 2153 4184 Quando

1368 4201 1439 4256 enim
1464 4199 1565 4257 lacinus
1577 4216 1609 4256 ex
1624 4216 1673 4257 ore
1697 4202 1836 4271 procedit?
1855 4203 1966 4270 Quando
1977 4205 2098 4260 noluntas
2111 4205 2152 4260 la-

1368 4290 1454 4348 dandi
1461 4292 1620 4348 decernitur.
1630 4292 1772 4347 decrevisti
1781 4291 1867 4349 iuuere
1879 4311 1887 4360 ;
1900 4294 1998 4361 dixisti,
2015 4295 2109 4352 iecisti.
2123 4298 2151 4354 Si

1369 4382 1466 4448 lurtum
1476 4398 1528 4438 non
1542 4381 1636 4439 leceris
1646 4381 1726 4444 fusiss
1742 4381 1850 4439 forsitan
1863 4383 1907 4439 ille
1919 4401 1978 4454 non
1985 4388 2080 4441 meruit
2093 4402 2153 4458 per·

1367 4473 1442 4540 dere,
1457 4473 1498 4529 eni
1517 4473 1675 4544 disponebas
1698 4475 1802 4530 aulerre
1815 4491 1823 4528 ε
1837 4483 1865 4529 ει
1884 4475 1930 4530 ille
1945 4475 2010 4531 nibil
2028 4478 2150 4547 perdidit,

1369 4574 1395 4622 et
1413 4575 1440 4620 tu
1462 4564 1496 4621 de
1519 4564 1589 4620 lurto
1605 4563 1782 4620 damnaberis.
1797 4565 1940 4621 Decrevisti
1960 4567 2082 4624 occidere
2099 4570 2149 4625 lto·

1368 4656 1467 4711 minem
1478 4655 1575 4716 :dixisti
1590 4655 1617 4710 in
1629 4655 1717 4718 eorde,
1738 4655 1827 4711 sonnit
1849 4656 1883 4712 de
1903 4673 1950 4713 ore
1964 4666 2009 4713 tuo
2028 4659 2152 4715 interiore

1371 4748 1542 4804 homicidium
1554 4765 1561 4801 :
1573 4746 1660 4804 adbno
1672 4747 1735 4804 tirit
1752 4738 1850 4828 boitro,
1865 4760 1891 4807 et
1915 4759 1941 4805 tn
1955 4751 2083 4808 bomieida
2105 4770 2152 4824 pn-

1369 4838 1443 4893 niris.
1457 4828 1524 4907 Quid
1537 4838 1574 4893 sis
1588 4839 1658 4893 eninr
1670 4839 1739 4908 apud
1760 4839 1841 4895 Deum
1852 4880 1860 4907 ,
1871 4844 2008 4912 qttaeritar,
2023 4860 2075 4898 non
2088 4846 2151 4915 qtrid

1369 4943 1421 4982 non
1430 4928 1496 4997 ,duat
1508 4929 1660 4999 apparueris
1669 4929 1735 4999 apud
1743 4929 1873 4987 homines·

1404 5020 1430 5074 8.
1450 5017 1528 5074 Certe
1540 5034 1605 5090 erpo
1617 5021 1749 5087 novimus,
1769 5030 1797 5077 et
1815 5036 1894 5078 nosse
1915 5022 2052 5087 debemus,
2069 5034 2096 5080 ει
2110 5036 2149 5081 ιε-

1370 5125 1434 5165 nere
1447 5110 1507 5180 qttia
1520 5118 1562 5166 est
1574 5125 1605 5165 os
1614 5109 1713 5177 cordis,
1722 5123 1762 5166 εει
1775 5120 1803 5166 ει
1814 5113 1899 5182 lingua
1910 5114 2006 5169 cortis.
2021 5113 2106 5184 lpsurn
2120 5131 2151 5170 os

1370 5202 1494 5273 impletur
1516 5201 1668 5273 gaudiorin
1691 5202 1749 5271 ipso
1771 5217 1818 5258 ore
1837 5202 1908 5257 intus
1929 5219 2035 5259 oramus
2055 5204 2149 5269 lieutn,

1369 5293 1475 5364 quando
1491 5293 1558 5349 labia
1570 5293 1658 5348 elarrsa
1672 5301 1742 5358 sunt,
1754 5300 1781 5347 et
1792 5302 1862 5363 patet
1876 5296 2049 5350 consulentis.
2065 5295 2151 5350 Silen-

1370 5385 1434 5440 tium
1447 5393 1498 5451 est,
1516 5392 1543 5437 ει
1560 5383 1656 5437 clamat
1672 5392 1784 5451 pectus:
1799 5382 1845 5437 sed
1864 5384 1971 5438 auribus
1984 5385 2074 5453 cuitus?
2093 5384 2149 5438 Non

1370 5474 1495 5538 bominis,
1510 5474 1556 5529 sed
1574 5475 1630 5528 Dei.
1653 5471 1769 5529 Securus
1781 5489 1844 5544 ergo
1863 5485 1937 5537 esto:
1959 5474 2003 5529 illu
2016 5473 2090 5528 audit
2105 5474 2150 5543 qni

1370 5567 1521 5638 miseretur.
1543 5564 1577 5619 Et
1595 5579 1687 5619 rursus
1703 5564 1814 5634 quando
1827 5581 1906 5620 tremo
1928 5566 2062 5619 borninom
2077 5564 2150 5620 audit

1370 5657 1449 5722 mala,
1471 5655 1493 5709 si
1508 5646 1652 5724 procedunt
1672 5654 1706 5710 de
1722 5670 1769 5710 ore
1788 5655 1863 5722 tuo¹,
1876 5656 1928 5710 noli
1949 5669 2009 5710 esse
2028 5670 2148 5721 securus,
2179 5658 2181 5669 '
2200 5684 2205 5692 ·

1373 5748 1431 5820 utria
1444 5746 1488 5802 ille
1501 5747 1573 5801 audit
1585 5746 1629 5815 qui
1643 5745 1763 5801 damnat.
1777 5746 1897 5801 Susatrna
1912 5760 1965 5800 raon
1976 5744 2149 5800 audiebatur⁸

1371 5841 1406 5893 ab
1420 5838 1524 5907 iniustis
1538 5837 1681 5909 jndicibus,
1696 5838 1800 5894 tacebat
1819 5846 1845 5894 et
1860 5837 1959 5892 orabat.
1969 5835 2008 5892 ils
2026 5836 2084 5906 eius
2095 5850 2148 5892 non

1372 5929 1529 5985 audiebatur
1558 5929 1591 5984 ab
1616 5927 1782 5996 hominibus,
1809 5943 1856 5983 cor
1880 5926 1938 5998 ejas
1956 5927 2087 5982 clamabat
2116 5927 2149 5983 ad

1403 6042 1411 6073 ¹
1424 6045 1520 6112 septem
1530 6046 1593 6098 tiss,
1601 6038 1632 6089 de
1641 6039 1772 6110 cordetuo.
2218 6098 2221 6103 .

1401 6104 1413 6135 ¹
1425 6100 1518 6163 aliquot
1527 6108 1589 6150 duaa
1600 6108 1706 6150 suanno
1709 6099 1874 6161 ruouubatnr.
1883 6105 1910 6151 ut
1918 6097 2001 6163 ptmes
2008 6099 2100 6162 aisque
2110 6110 2150 6149 nu

1371 6160 1751 6230 pauonemunrnamateoutnr.
1992 6180 1994 6185 ¹
