5400 7059
567 701 651 763 '5759

582 822 701 884 minum;
722 825 821 888 quanto
842 815 924 885 magis
946 814 1004 884 ipse
1035 812 1267 889 incommumlriliq:
1282 827 1362 881 snper

580 911 671 966 omnia
685 910 728 980 qui
751 910 806 964 lrec
818 906 904 972 docet,
920 921 973 960 neu
993 907 1082 976 utique
1100 906 1183 975 major
1198 906 1259 973 Dtsi
1273 905 1361 959 lauda-

581 1001 663 1066 neris,
676 1013 725 1055 nec
733 999 820 1053 minor
830 998 853 1051 si
866 997 1077 1066 vituperaveris?
1090 996 1141 1052 Sed
1153 997 1276 1066 queniam
1287 995 1364 1050 nobis

581 1092 688 1162 expedit
710 1090 816 1144 laudare
839 1089 989 1154 Dominum,
1013 1088 1218 1145 misericorditer
1237 1088 1312 1157 jnltet
1333 1098 1363 1140 ut

564 1183 716 1248 ¹laudemus
728 1194 799 1245 curu,
812 1195 865 1234 nen
878 1187 1040 1249 arroganter.
1053 1178 1198 1233 Audiamus
1215 1191 1278 1248 ergo
1291 1177 1362 1247 quod

567 1258 644 1329 ¹dicit
659 1291 666 1326 ε
681 1271 796 1325 trenno
813 1287 902 1324 nemen
924 1270 1034 1335 Domini,
1051 1269 1161 1333 loedere,
1178 1269 1250 1332 seiri,
1271 1266 1362 1321 Denti-

579 1382 650 1420 num.
674 1363 730 1418 tlon
743 1363 814 1417 enim
828 1362 925 1431 aliquid
941 1362 1110 1433 incongruum
1125 1352 1363 1435 laeitis,laudando

543 1516 549 1525 ,
580 1458 648 1513 εειιι
662 1455 801 1511 [ιοιιιιιιιιιιι
816 1472 823 1509 :
839 1455 891 1511 etsi
904 1451 1197 1523 sempcrtantummodn
1208 1450 1277 1506 serni
1290 1464 1363 1506 esse·

580 1548 624 1614 tis,
639 1547 772 1603 deberetis
783 1536 891 1601 laudare
905 1545 1042 1600 Dominum
1055 1561 1063 1610 ;
1077 1551 1175 1613 quanto
1186 1541 1269 1612 magis
1280 1541 1362 1598 dobe-

559 1626 563 1640 ¹
579 1638 613 1692 tis
626 1637 733 1691 laudare
747 1637 884 1692 Dominum
898 1635 979 1701 servi,
989 1643 1017 1688 ut
1028 1648 1087 1688 esse
1098 1633 1250 1688 mereamini
1261 1639 1289 1686 ct
1299 1631 1363 1686 lrliii

613 1727 641 1781 2.
656 1725 729 1800 [terr.
740 1726 781 1799 2]
794 1726 845 1782 Sed
861 1727 983 1796 quoniam
998 1725 1124 1794 seriptum
1136 1734 1177 1779 est
1187 1724 1212 1778 in
1222 1724 1275 1778 alio
1288 1724 1362 1794 psal-

579 1833 634 1883 mo,
658 1818 748 1872 licerer
769 1816 837 1871 decet
859 1816 970 1871 laudario
983 1815 1067 1884 (Ptol.
1084 1829 1165 1880 xxrrr,
1190 1813 1216 1886 l)
1229 1829 1237 1879 ;
1251 1821 1278 1867 ct
1299 1814 1361 1869 item

579 1911 641 1966 alibi
654 1911 780 1979 scriptum
793 1917 842 1971 est,
860 1908 919 1962 Non
934 1917 969 1961 eet
988 1907 1099 1978 specioso
1112 1907 1167 1960 ianr
1180 1908 1206 1959 in
1217 1922 1259 1961 ore
1272 1910 1362 1976 peren·

580 2001 641 2055 teris
656 1999 748 2073 (Eruli.
760 2017 803 2063 xv,
818 2000 865 2070 9);
881 2001 995 2069 itemque
1008 1999 1069 2052 alibi
1083 1997 1189 2062 dicitur,
1202 1997 1363 2067 Sacrificium

580 2092 663 2147 leudis
675 2091 823 2162 glorificabit
838 2109 885 2156 nte,
899 2100 923 2145 ct
934 2090 967 2144 tn
978 2091 1018 2144 ein
1034 2099 1068 2144 ert
1081 2090 1108 2162 in
1122 2107 1170 2159 qun
1183 2090 1310 2143 estendam
1323 2089 1363 2144 tto·

578 2182 688 2237 solutore
703 2181 749 2236 Dei
760 2200 769 2247 ,·
782 2192 810 2236 et
829 2191 1030 2251 consequenter,
1049 2180 1176 2235 Peccatori
1196 2191 1279 2234 eutem
1299 2180 1363 2235 dicit

580 2271 658 2337 Deus,
676 2270 771 2342 litqrrid
785 2283 810 2326 tu
823 2289 926 2326 enarras
933 2273 1045 2342 justitias
1053 2287 1127 2334 mres,
1140 2282 1163 2326 ct
1173 2273 1278 2325 resumis
1288 2283 1363 2327 terto·

576 2375 689 2420 utentum
702 2382 783 2419 ntmrm
805 2383 848 2434 per
859 2382 886 2419 os
907 2367 997 2419 trnrm?
1014 2364 1054 2418 Tu
1067 2374 1150 2418 eutem
1165 2365 1239 2418 edisti
1251 2365 1363 2435 discipli·

578 2471 648 2521 nent,
663 2465 687 2509 et
700 2456 825 2525 projecisti
841 2472 967 2509 sennense
985 2471 1052 2508 mres
1065 2465 1123 2526 pest
1138 2465 1161 2508 te
1174 2455 1183 2528 (
1194 2454 1265 2508 Psoi.
1282 2471 1360 2520 tttx,

577 2545 624 2608 ιδ.
637 2545 679 2609 lli,
696 2546 737 2615 li)
756 2563 763 2600 :
779 2561 811 2600 nc
822 2545 889 2598 lrrrto
902 2547 1051 2614 quisquam,
1063 2543 1186 2614 queniam
1198 2544 1360 2612 dictumest,

579 2633 701 2698 Laudare,
714 2636 787 2699 aerei,
799 2635 944 2699 verrinum,
959 2635 1060 2690 etiamsi
1075 2635 1100 2688 in
1114 2634 1193 2688 dome
1204 2635 1252 2689 ista
1267 2650 1361 2706 magna

527 2746 529 2750 ¹
577 2723 655 2780 inerit
668 2726 752 2780 malus
765 2739 866 2790 serres,
883 2734 953 2793 putet
975 2726 1026 2781 silei
1040 2725 1166 2795 prodesse
1179 2725 1284 2780 laudern
1306 2726 1358 2779 Do·

577 2816 652 2883 mini,
664 2817 789 2872 continno
801 2816 892 2887 quales
905 2817 957 2870 sint
969 2817 1013 2885 qni
1028 2815 1134 2870 laudare
1145 2816 1258 2871 debeant
1271 2817 1362 2871 Domi·

576 2920 651 2974 num,
666 2906 771 2977 subjicit
790 2918 817 2962 et
828 2906 907 2962 drreet
922 2926 930 2963 ι
944 2907 993 2972 Qut
1007 2907 1078 2961 stetis
1092 2908 1119 2961 in
1142 2905 1216 2961 demo
1238 2906 1359 2973 Domini,

480 3015 483 3020 ·
575 3001 603 3056 r'n
618 3000 688 3054 etriir
699 2999 789 3053 dentur
806 2999 851 3053 Dei
861 3000 953 3053 nostri.
969 2998 1018 3064 Qui
1029 2998 1111 3063 stetit,
1127 3013 1180 3052 nou
1193 2998 1238 3068 qui
1253 2999 1328 3053 ruitis
1339 3000 1359 3051 ¹.

576 3091 616 3146 lili
631 3099 718 3145 entem
732 3100 802 3145 stare
814 3088 946 3152 dicuntur,
957 3088 1002 3158 qui
1017 3090 1042 3142 in
1054 3088 1184 3143 mandatis
1196 3092 1253 3158 ejus
1267 3104 1359 3158 perse-

574 3191 675 3242 verant,
687 3182 730 3250 qnt
745 3182 770 3235 in
780 3181 829 3235 ilde
844 3194 896 3234 nou
910 3180 979 3242 licta,
995 3188 1021 3234 ει
1034 3193 1081 3248 spe
1093 3179 1180 3243 iirrna,
1190 3188 1218 3235 et
1229 3180 1360 3239 clraritale

575 3275 676 3329 sirrcora
696 3275 811 3329 serviunt
827 3274 892 3340 Deo,
907 3283 934 3329 et
949 3272 1080 3327 uerterant
1096 3273 1239 3328 Ecclesiam
1253 3274 1321 3342 ejus,
1334 3283 1361 3329 ct

575 3380 628 3418 uon
643 3364 706 3418 dant
728 3347 899 3419 nllrrrrsieneur
915 3364 982 3418 male
996 3362 1108 3418 virendo
1121 3365 1143 3430 ¹,
1159 3364 1256 3434 eisqui
1271 3365 1361 3422 renirc

575 3456 675 3521 volunt,
690 3464 715 3509 ct
729 3457 754 3510 in
770 3455 810 3508 ria
824 3453 924 3523 lapides
934 3453 1087 3508 offensionis
1100 3454 1236 3509 inueniunt
1247 3454 1267 3509 ¹.
1281 3455 1359 3526 Ergo,

574 3549 625 3614 Qui
637 3549 709 3604 stetis
729 3549 757 3601 in
778 3547 852 3601 dente
876 3547 989 3611 Denrini,
1013 3545 1115 3601 laudate
1135 3562 1225 3600 nemen
1246 3543 1359 3602 Domini.

573 3640 645 3695 Grati
661 3649 765 3705 estete;
782 3639 846 3695 loris
859 3640 952 3704 eratis,
967 3649 994 3694 et
1006 3639 1077 3692 intus
1090 3639 1166 3693 statis
1181 3637 1202 3693 ⁸.
1215 3639 1282 3706 Quia
1297 3655 1361 3710 erge

571 3732 657 3796 statis,
673 3746 801 3796 parumne
815 3740 855 3785 εει
866 3731 951 3793 ιοιιιε,
966 3729 1009 3783 ulti
1032 3729 1177 3784 laudandus
1192 3731 1289 3800 estqui
1312 3744 1360 3786 vos

573 3821 657 3876 erexit
668 3821 795 3890 jacentes,
812 3829 839 3876 et
859 3818 921 3874 lecit
933 3820 959 3873 iu
979 3819 1060 3874 demo
1071 3833 1118 3873 sua
1137 3829 1217 3886 stare,
1232 3831 1259 3874 et
1273 3822 1357 3889 ipsum

574 3927 729 3984 agnoscere,
753 3913 891 3984 ipsumque
903 3911 1032 3985 tenuaret
1051 3926 1196 3981 parvumne
1212 3913 1262 3966 lroc
1276 3912 1359 3967 bene-

575 4003 662 4058 tleiurn
673 4002 798 4074 est,quod
809 4010 908 4057 stamus
920 4003 947 4056 in
957 4001 1037 4058 demo
1048 4003 1151 4057 Domini
1162 4002 1174 4055 l
1185 4001 1359 4069 llicimerim,

494 4086 498 4095 '
575 4093 602 4148 iu
616 4093 665 4149 ltac
679 4093 899 4164 peregrinatione,
914 4094 941 4148 in
955 4093 1004 4148 hae
1016 4094 1106 4155 doram,
1120 4093 1284 4164 quodetiam
1299 4108 1361 4163 per·

572 4184 743 4256 rgrinationis
755 4184 953 4241 tabernaculum
968 4184 1074 4252 dieitur,
1096 4185 1157 4256 quia
1171 4183 1214 4238 hic
1236 4193 1358 4250 stamus,

574 4276 699 4347 numquid
722 4291 814 4347 parum
830 4277 899 4347 grati
920 4290 979 4331 esse
1002 4275 1149 4356 debemus?
1172 4275 1265 4329 Nonne
1285 4274 1360 4344 eogi-

573 4370 680 4425 tandom
707 4376 748 4425 est
774 4370 835 4438 quia
860 4367 903 4423 hic
928 4367 1049 4423 stamus?
1074 4382 1162 4421 nonne
1190 4367 1358 4437 rogitanDum

571 4471 614 4519 est
645 4461 707 4533 quid
726 4457 792 4517 'lacti
822 4460 967 4516 fuerimus?
1007 4476 1095 4516 rronne
1127 4460 1294 4528 cogitandum
1318 4468 1359 4515 est

572 4556 615 4609 ubi
627 4555 790 4625 jacebamus,
814 4563 841 4609 et
854 4571 908 4625 quo
929 4553 1032 4609 collecti
1052 4555 1165 4608 snmus?
1179 4567 1266 4607 norme
1287 4554 1359 4622 cogi·

570 4646 677 4701 lamium
691 4657 732 4701 est
753 4648 815 4717 quia
826 4661 918 4700 omnes
933 4645 1006 4716 impii
1023 4645 1162 4699 Dominum
1177 4659 1229 4697 nnn
1252 4659 1354 4712 quaere·

570 4739 643 4804 itant,
669 4752 695 4792 et
722 4741 778 4807 ipse
806 4738 865 4792 illes
891 4755 942 4791 non
969 4745 1119 4806 quaerentes
1142 4736 1274 4806 qnasirit,
1302 4736 1357 4804 ipse

570 4828 690 4882 inuentos
700 4829 834 4885 excitarit,
850 4829 905 4895 ipsc
917 4830 1045 4882 excitatos
1057 4829 1169 4893 vorarit,
1182 4829 1238 4897 ipse
1249 4836 1357 4881 renatos

570 4919 724 4982 introdusit,
738 4929 764 4972 et
781 4920 806 4972 in
822 4918 903 4972 alorrro
915 4933 962 4972 sua
976 4928 1047 4972 stare
1062 4917 1143 4971 lecit?
1163 4918 1357 4987 llaecquisqnis

569 5011 666 5080 cogitat
685 5005 713 5064 ct
733 5011 849 5079 ingratus
865 5016 981 5074 nonest,
996 5006 1229 5076 omuinodrspieit
1250 5025 1279 5063 se
1302 5024 1358 5076 prae

499 5152 506 5175 ,Ι
571 5116 662 5155 amore
677 5101 780 5156 Domini
803 5101 853 5163 sui,
870 5116 951 5168 aquo
963 5100 1011 5153 silri
1027 5107 1097 5152 tanta
1113 5100 1229 5166 prarstita
1244 5106 1304 5152 suut
1315 5106 1358 5153 :et

569 5193 694 5265 quoniam
719 5206 771 5247 non
793 5192 871 5245 lralrct
892 5191 954 5261 qnid
978 5206 1026 5259 pro
1049 5193 1128 5244 tantis
1144 5188 1279 5243 lrenrsreiis
1303 5189 1358 5243 Deo

569 5282 708 5348 retribuat,
723 5282 784 5353 quid
806 5284 830 5336 ei
855 5292 937 5337 restat
959 5283 1008 5336 nisi
1024 5282 1122 5351 gratias
1139 5296 1226 5351 agere,
1244 5295 1296 5333 nen
1313 5296 1356 5334 re·

569 5373 704 5442 pendere?
719 5373 758 5427 lld
780 5373 863 5441 ipsam
887 5374 1030 5441 gratiarum
1045 5372 1175 5425 actionem
1191 5372 1316 5441 pertinet,
1330 5380 1357 5424 ct

566 5466 678 5521 calicem
703 5463 806 5524 Domini
828 5461 959 5535 accipere,
976 5470 1004 5516 et
1026 5477 1120 5516 nornen
1144 5462 1201 5530 rjus
1223 5463 1355 5516 inuocare.

566 5555 635 5610 llam
648 5555 710 5623 qnid
725 5555 852 5609 retrilrnat
866 5555 976 5607 Domino
988 5568 1090 5615 scrrnrs,
1105 5569 1153 5624 pro
1164 5554 1286 5605 omnibns
1296 5567 1356 5621 quae

568 5647 689 5700 retribuit
702 5646 737 5700 illi
751 5643 836 5712 (rant.
855 5659 919 5708 cst,
936 5642 979 5707 te,
998 5644 1064 5709 tat?
1078 5645 1157 5714 Ergo,
1182 5643 1231 5711 Qui
1246 5645 1315 5695 statis
1329 5642 1356 5694 in

568 5739 642 5789 diurno
659 5736 770 5800 Domini,
783 5735 810 5789 irt
830 5735 902 5789 atriis
916 5734 1004 5789 dentur
1020 5734 1066 5788 Dei
1079 5736 1166 5790 nostri.
1181 5734 1282 5787 laudale
1302 5730 1356 5784 De·

567 5844 671 5880 mittum.

599 5920 608 5950 ι
622 5917 716 5979 aliquot
733 5923 798 5979 tiss..
804 5917 901 5979 jacetis.

597 5978 608 6009 ¹
619 5979 656 6027 sic
668 5977 780 6042 plerique
791 5990 842 6029 uss.
857 5988 884 6029 rt
894 5979 960 6036 sud,
974 5975 1074 6027 rirerrdi.

598 6037 610 6073 Ι
620 6045 717 6100 septem
729 6047 792 6092 tiss..
809 6037 861 6091 mn
867 6039 1027 6091 invaduntur.

597 6099 607 6130 ι
618 6101 654 6146 sic
666 6098 776 6163 plerique
787 6108 840 6151 ttss.
847 6102 977 6152 t'ddnerez
990 6098 1055 6150 droti
1066 6098 1251 6163 semiaminis
1260 6096 1354 6151 erretis.

567 6170 627 6221 orto
637 6173 704 6222 erqo,
717 6171 764 6212 ete.

1163 699 1191 755 S.
1212 696 1391 756 tunusrtm
1411 698 1559 755 uersuum

2129 693 2200 750 lzto

1453 813 1479 867 3.
1494 811 1576 886 [erre.
1599 809 1647 885 5.]
1661 809 1727 880 Quid
1749 810 1864 865 dicturus
1886 825 1944 867 sum
1959 825 2041 884 quare
2059 807 2199 866 laudetisl
2265 884 2271 903 1

1416 905 1540 971 Quoniam
1553 906 1631 959 lenus
1642 903 1772 958 Denrirtur.
1786 903 1905 958 Breviter
1915 902 2058 958 unoverito
2068 903 2198 971 explicata

1415 1007 1457 1051 est
1467 997 1523 1051 laus
1537 995 1641 1050 Domini
1654 995 1699 1048 liei
1714 996 1797 1049 nostri
1812 1011 1818 1046 :
1833 994 1919 1050 Denuo
1934 992 2066 1047 Denrimrr.
2083 991 2137 1048 Sed
2151 993 2200 1046 ιιο-

1415 1104 1476 1152 ιιιιε,
1484 1103 1536 1141 non
1546 1095 1574 1141 ut
1584 1095 1645 1141 sunt
1656 1086 1724 1140 bona
1736 1101 1795 1156 quae
1808 1084 1879 1140 iecit.
1887 1083 1952 1139 Nam
1962 1083 2022 1139 iecit
2032 1082 2101 1139 Dens
2109 1084 2200 1138 omnia

1414 1177 1677 1251 benevolentiori,
1687 1177 1808 1247 at):non
1818 1183 1917 1230 tantum
1927 1175 2005 1242 leona,
2017 1175 2065 1230 sed
2076 1175 2198 1234 etr-alde.

1413 1269 1517 1326 Caelum
1528 1277 1555 1324 et
1567 1278 1662 1354 terrarq
1675 1277 1702 1323 et
1713 1267 1801 1322 omnia
1815 1281 1874 1337 qnae
1888 1266 1914 1320 in
1924 1267 1964 1321 eis
1973 1276 2034 1320 sunt
2045 1267 2112 1320 botta
2125 1264 2199 1328 lecit,

1415 1368 1442 1415 et
1454 1358 1530 1415 raldo
1543 1358 1696 1416 lrona‘leeit.
1710 1358 1738 1414 Si
1759 1357 1816 1412 linc
1827 1358 1917 1412 omnia
1937 1357 2006 1413 bona
2022 1357 2094 1419 iecit,
2104 1357 2200 1426 -qnalis

1414 1458 1456 1506 est
1469 1451 1513 1506 ille
1527 1450 1569 1522 qui
1584 1449 1667 1507 lecit?
1679 1450 1713 1504 Et
1727 1459 1886 1505 tamencum
1902 1449 1969 1504 bena
1985 1448 2088 1511 iecerit,
2101 1449 2200 1503 multo-

1414 1544 1466 1612 que
1480 1541 1514 1596 sit
1536 1541 1630 1595 melior
1642 1540 1687 1612 qui
1710 1539 1781 1604 lecit,
1803 1555 1882 1610 quarn
1897 1540 1946 1595 ista
1968 1556 2027 1610 quae
2042 1538 2125 1602 iecit:
2145 1556 2198 1593 nnn

1414 1633 1515 1687 invenis
1528 1633 1623 1688 melius
1640 1630 1710 1703 quod
1722 1631 1756 1687 de
1769 1631 1815 1686 illo
1826 1631 1909 1693 dicas,
1924 1631 1975 1685 nisi
1988 1631 2047 1700 quie
2061 1631 2141 1685 oenus
2162 1639 2200 1685 ert

1414 1723 1536 1782 Damone
1550 1739 1559 1778 .·
1573 1725 1595 1779 si
1615 1734 1700 1779 lumen
1715 1721 1845 1792 inteiligas
1866 1722 1972 1792 proprie
1992 1721 2102 1787 bonum,
2117 1738 2131 1774 a
2147 1736 2199 1791 quo

1413 1826 1475 1871 sunt
1489 1826 1584 1872 caetera
1595 1816 1675 1871 bona.
1688 1816 1782 1871 Dmnia
1795 1815 1865 1869 enim
1887 1814 1955 1870 bena
1969 1814 2026 1884 ipse
2047 1814 2110 1869 lecit
2122 1831 2129 1866 ε
2143 1815 2199 1883 ipse

1414 1916 1455 1963 est
1466 1909 1549 1963 bonus
1562 1922 1639 1977 quem
1654 1923 1732 1963 neme
1751 1906 1821 1961 lecit.
1838 1905 1884 1961 llle
1898 1905 1969 1960 leuno
1981 1921 2029 1960 sno
2044 1906 2133 1961 lrnnns
2146 1915 2195 1968 est,

1412 2013 1468 2053 nou
1480 1999 1585 2055 aliunde
1596 1998 1748 2068 participate
1769 1997 1839 2051 bono
1851 2015 1857 2050 :
1869 1997 1914 2052 ille
1926 1997 2014 2066 seipse
2027 1995 2098 2051 irene
2114 1998 2198 2050 lronns

1414 2096 1464 2160 εει,
1481 2106 1534 2146 nen
1556 2089 1716 2146 adlraerende
1734 2089 1809 2144 alteri
1824 2088 1903 2144 beno.
1925 2089 1987 2143 llilri
2001 2099 2089 2143 autem
2105 2088 2197 2142 adlm-

1415 2198 1474 2238 rere
1490 2183 1544 2237 Deo
1559 2183 1656 2238 bonnm
1677 2190 1718 2237 est
1731 2180 1815 2251 (Paul.
1830 2196 1911 2239 mxu.
1927 2178 1983 2250 28),
1999 2178 2044 2249 qui
2059 2195 2111 2232 nou
2127 2180 2199 2249 eguit

1413 2290 1428 2330 a
1441 2291 1493 2346 quo
1508 2275 1581 2331 lrcret
1591 2275 1691 2339 uenns3
1705 2273 1890 2344 sedeguerunt
1902 2272 1946 2327 illo
1958 2281 2093 2326 cruram
2107 2272 2201 2326 llerent

1414 2364 1492 2420 berra.
1509 2365 1592 2418 Vultis
1606 2364 1696 2418 andire
1708 2379 1785 2433 quarn
1801 2361 1968 2434 singulariter
1982 2362 2025 2434 ille
2041 2363 2075 2416 sit
2089 2363 2200 2417 bouus?

1414 2454 1540 2512 Dominus
1561 2444 1735 2526 interrogatus
1755 2453 1831 2520 ditit,
1857 2451 1939 2507 Nemo
1958 2452 2048 2518 benur,
2061 2454 2110 2506 nisi
2134 2470 2200 2508 unere

1414 2547 1482 2603 Deus
1495 2547 1598 2619 (lierda
1615 2563 1674 2614 ιιι,
1689 2547 1742 2617 Π).
1756 2546 1830 2601 llaec
1848 2545 2057 2615 singularitatem
2071 2545 2199 2600 bonitatis

1414 2642 1481 2713 ejus,
1492 2650 1518 2695 et
1531 2639 1665 2710 praeterire
1678 2636 1793 2694 breviter
1801 2637 1877 2709 reolo,
1892 2648 1918 2691 et
1931 2635 2070 2690 commend
2080 2651 2119 2690 rre
2133 2652 2199 2690 con·

1413 2748 1478 2804 grue
1493 2749 1543 2787 uon
1568 2730 1679 2786 salilcin.
1701 2729 1788 2786 lletuo
1810 2745 1843 2784 ne
1863 2728 1885 2783 si
1899 2727 1960 2783 ltine
1974 2729 2027 2783 cite
2043 2729 2199 2796 transiero,

1413 2839 1463 2897 ego
1475 2825 1593 2895 ingratus
1607 2823 1724 2878 irnerriar
1738 2840 1745 2876 ε
1761 2822 1822 2876 ιιειιι
1844 2830 1934 2875 ιιιειιιο
1956 2835 1989 2874 ne
2004 2820 2055 2875 lroc
2077 2835 2140 2875 curn
2153 2837 2201 2876 cx-

1414 2917 1561 2990 plicandum
1587 2930 1747 2988 suscepero,
1771 2914 1819 2969 sub
1844 2921 1915 2967 tanta
1943 2911 2028 2966 landis
2055 2911 2200 2967 dominicae

1412 3013 1514 3067 sarcina
1527 3008 1663 3081 delatiger.
1678 3009 1722 3064 Sic
1737 3018 1835 3073 tauron,
1859 3006 1963 3069 iratres,
1984 3006 2097 3075 accipite
2112 3022 2155 3059 me
2173 3014 2201 3059 ct

1413 3102 1561 3157 laudantem
1575 3110 1602 3155 et
1616 3115 1667 3155 non
1678 3098 1862 3163 srrllreicntcm,
1876 3109 1906 3153 nt
1917 3098 2022 3152 etiarnsi
2037 3112 2088 3151 non
2104 3097 2202 3166 imple-

1413 3201 1457 3248 tur
1470 3193 1539 3248 illius
1558 3191 1643 3251 laudis
1663 3190 1813 3260 explicatio,
1828 3198 1979 3258 acceptetur
1992 3188 2140 3242 laudatoris
2153 3188 2202 3243 de-

1413 3286 1493 3340 retio.
1510 3286 1644 3356 lipprebet
1663 3299 1706 3338 rne
1726 3284 1782 3354 ipse
1797 3282 1922 3347 uoluisse,
1939 3282 2059 3354 ignoscat
2073 3299 2127 3335 non
2148 3283 2201 3336 im-

1413 3377 1536 3448 plevisse.
1912 3366 1915 3372 ⁴

1447 3469 1475 3523 l.
1492 3466 1618 3523 lnellalrili
1635 3465 1775 3522 dulcedine
1793 3475 1902 3529 teneor,
1917 3479 1977 3518 cnm
1999 3465 2094 3527 audio,
2115 3465 2202 3519 Domo

1412 3555 1553 3622 Dominus,-
1564 3559 1786 3629 cotrsideratisqoe
1799 3559 1959 3622 omnilruset
1968 3558 2131 3613 ootlnrnnts
2142 3575 2204 3628 qnae

1412 3649 1557 3705 lorinsecus
1570 3649 1662 3710 rideo,
1677 3650 1798 3719 queniam
1812 3664 1846 3703 ex
1858 3649 1915 3717 ipso
1927 3656 1990 3702 sont
2000 3649 2105 3711 emnia,
2121 3650 2203 3703 etiam

1412 3754 1471 3796 cum
1486 3739 1549 3794 milri
1567 3738 1623 3794 linc
1635 3740 1748 3809 placent,
1762 3739 1793 3793 ad
1809 3738 1884 3793 illum
1897 3737 1978 3793 redeo
1990 3753 2005 3791 a
2018 3753 2071 3808 quo
2084 3746 2161 3806 sunt,
2174 3748 2204 3794 ut

1412 3829 1553 3902 intelligam
1565 3830 1684 3899 querriem
1699 3829 1776 3883 benur
1793 3838 1828 3882 εει
1841 3826 1975 3883 Dominus.
1990 3827 2127 3895 llursurn,
2142 3845 2204 3884 eum

1411 3919 1444 3975 ad
1458 3921 1544 3987 illum,
1560 3930 1684 3990 quantum
1700 3934 1823 3990 possum,
1838 3921 1970 3990 ingressus
1985 3918 2074 3985 luero,
2089 3921 2204 3976 interie-

1411 4026 1467 4066 rem
1482 4010 1546 4065 milri
1565 4019 1591 4066 et
1610 4011 1773 4079 superiorem
1790 4011 1911 4077 iuvenio;
1927 4010 1986 4080 qnia
2001 4011 2040 4065 sic
2059 4011 2149 4066 leonas
2163 4022 2206 4068 est

1412 4101 1547 4168 Dominus,
1559 4111 1588 4156 ut
1600 4101 1657 4156 istis
1669 4116 1720 4155 nou
1734 4102 1848 4172 indigeat
1860 4116 1916 4172 quo,
1925 4101 1958 4156 sit
1970 4100 2064 4156 benus.
2080 4101 2205 4172 Denique

1411 4195 1461 4249 ista
1476 4211 1527 4249 non
1542 4195 1621 4250 laude
1639 4196 1695 4250 sine
1713 4195 1774 4260 ille;
1791 4195 1862 4248 illurn
1882 4204 1969 4250 autem
1987 4193 2045 4250 sine
2064 4195 2123 4250 istis
2142 4212 2204 4265 per·

1411 4285 1524 4351 lectum,
1545 4303 1597 4340 non
1616 4286 1747 4357 indigum,
1762 4286 2020 4349 incommutabilem,
2037 4286 2137 4341 nullius
2153 4287 2204 4340 bo-

1411 4394 1474 4431 rrrrrrr
1488 4387 1649 4448 quaerentem
1661 4393 1712 4447 qno
1730 4388 1866 4448 augeatur,
1881 4378 1977 4434 nullius
1992 4379 2092 4433 malum
2108 4380 2205 4435 timen-

1411 4477 1464 4525 tem
1479 4485 1531 4537 quo
1545 4469 1695 4536 minuatur,
1713 4470 1827 4524 invenio.
1844 4471 1876 4524 ut
1888 4469 1950 4541 quid
1965 4469 2050 4525 dicam
2065 4469 2205 4540 amplios?

1412 4562 1519 4616 invenio
1538 4563 1564 4615 in
1585 4572 1705 4616 creatora
1726 4563 1822 4616 coelum
1844 4563 1960 4628 bonum,
1979 4562 2062 4617 selem
2083 4561 2204 4628 bonurn,

1412 4655 1499 4711 lunam
1514 4655 1617 4718 laenam,
1633 4654 1721 4710 stellas
1737 4654 1834 4718 bonas;
1850 4663 1948 4709 terram
1963 4655 2067 4716 uenam,
2085 4636 2146 4726 qum
2159 4658 2204 4727 gi-

1410 4755 1526 4815 gnuntur
1545 4746 1569 4798 in
1589 4755 1656 4799 terra
1676 4755 1702 4798 ct
1721 4745 1853 4799 rarlicilrus
1872 4746 1930 4798 nixa
1949 4753 2023 4807 sunt,
2042 4746 2129 4810 liena,
2143 4762 2205 4816 qnae

1411 4838 1545 4892 anrlmlant
1559 4848 1584 4890 et
1599 4846 1744 4902 morentur,
1760 4837 1844 4901 lrorr:r;
1861 4853 1918 4905 quae
1932 4836 2040 4890 uolitant
2054 4838 2080 4889 in
2097 4853 2161 4891 acre
2177 4845 2206 4891 et

1411 4940 1501 4984 natant
1517 4931 1541 4984 iu
1558 4933 1641 5000 aquis,
1658 4931 1735 4983 lrorra.
1750 4926 1815 4983 Dico
1827 4938 1854 4984 et
1867 4929 1999 4984 lrourinctn
2014 4930 2113 4983 lrunurn
2127 4945 2136 4986 ι
2149 4929 2205 4984 ile-

1411 5040 1451 5076 me
1463 5024 1532 5077 cuirn
1548 5024 1625 5076 botrus
1639 5027 1669 5076 de
1683 5024 1746 5076 Dono
1760 5024 1874 5076 tiresouro
1887 5026 1968 5076 cerdis
1982 5025 2021 5077 eui
2038 5027 2136 5095 prefert
2156 5027 2205 5077 Do·

1411 5130 1470 5166 num
1484 5111 1545 5182 (ld.
1560 5129 1615 5173 tur,
1632 5114 1664 5167 33
1674 5113 1693 5182 ).
1710 5113 1771 5166 iiico
1782 5123 1807 5166 et
1821 5113 1942 5182 angelum
1958 5114 2073 5178 lienum,
2087 5115 2132 5182 qui
2150 5131 2205 5169 non

1410 5216 1450 5259 εει
1465 5205 1552 5274 lapsus
1567 5204 1688 5272 snperlria
1702 5212 1728 5258 ει
1739 5204 1857 5258 diabolus
1874 5205 1957 5257 larcrns
1972 5215 2029 5268 est,
2045 5204 2092 5258 sed
2116 5204 2205 5259 initae-

1411 5304 1451 5350 ret
1472 5295 1619 5351 obediendo
1641 5295 1684 5348 ei¹
1700 5310 1715 5349 a
1729 5310 1781 5366 quo
1802 5296 1886 5348 lactrrs
1902 5304 1952 5348 est.
1967 5295 2059 5349 Omnia
2075 5295 2126 5351 ista
2142 5297 2207 5352 dieo

1410 5384 1489 5448 bona,
1502 5386 1547 5439 sed
1560 5394 1647 5440 tamen
1658 5400 1718 5438 cum
1731 5385 1785 5439 suis
1799 5371 1948 5438 norninilms
1958 5403 1965 5447 ;
1977 5385 2073 5440 colum
2089 5386 2203 5449 leonum,

1410 5479 1532 5548 angelum
1547 5479 1661 5538 lienum,
1679 5477 1810 5531 lrnminern
1833 5477 1929 5529 lronnrn
1944 5495 1951 5528 ε
1964 5477 1996 5530 ad
2013 5477 2096 5530 Deum
2113 5488 2204 5532 autern

1410 5583 1470 5623 cum
1483 5584 1525 5623 mc
1535 5568 1633 5633 relero,
1647 5578 1709 5636 pnto
1719 5569 1811 5623 melius
1823 5567 1886 5621 nilril
1897 5568 1986 5622 dicere
1998 5584 2076 5636 quam
2090 5568 2203 5623 bonnm.

1411 5661 1468 5732 lpse
1482 5663 1579 5732 quippe
1593 5662 1719 5717 Dominus
1736 5660 1813 5716 iesus
1827 5659 1946 5714 Christus
1958 5660 2039 5724 dirit,
2057 5660 2143 5716 llomo
2156 5665 2204 5718 ie-

1409 5771 1477 5820 nrrs;
1491 5762 1518 5809 ει
1531 5755 1587 5823 ipse
1602 5755 1663 5807 item
1677 5754 1758 5818 dixit,
1773 5751 1854 5805 Nemo
1870 5753 1962 5817 berrue,
1978 5751 2027 5805 nisi
2040 5769 2107 5807 unus
2122 5753 2203 5808 Dens.

1408 5845 1501 5899 Nonne
1513 5845 1656 5900 stimularit
1669 5860 1716 5899 nos
1729 5842 1761 5897 ad
1773 5841 1942 5912 quaerendum
1954 5850 1981 5897 et
1991 5844 2023 5895 ad
2033 5841 2204 5914 distinguen-

1408 5939 1471 5993 dum
1484 5939 1547 6011 quid
1560 5940 1594 5993 sit
1608 5940 1705 5993 leonum
1723 5935 1774 5990 alio
1794 5935 1864 5990 irone
1876 5934 1990 6000 bonum,
2001 5934 2029 5988 'ct
2044 5934 2145 5990 benum
2160 5951 2205 5991 so

1441 6100 1448 6129 ¹
1462 6098 1497 6146 Sic
1509 6105 1557 6144 nm.
1569 6103 1604 6142 Fr.
1619 6102 1643 6143 et
1657 6093 1767 6156 plerique
1781 6101 1832 6142 tiss.
1847 6101 1872 6142 ιι
1883 6099 1947 6140 tou:
1962 6095 1990 6140 ιι
2001 6089 2115 6142 daretne
2123 6093 2204 6153 scutris

1409 6166 1443 6210 εει
1455 6159 1537 6217 benus,
1550 6167 1570 6208 ει
1580 6166 1639 6209 esset
1651 6157 1671 6206 ει
1683 6157 1812 6207 introiero
1823 6156 1846 6206 ei
1859 6152 1999 6213 obediende,
2010 6162 2059 6202 etc.
