5400 7059
506 733 574 787 titis

506 844 574 898 uude
590 843 757 910 incipiamus,
769 845 910 900 avertimus
923 845 957 900 ab
978 844 1043 913 ipsis
1061 843 1164 910 sacient,
1181 854 1206 898 et
1220 842 1286 897 diei·

505 958 575 1008 mus,
591 942 683 997 Adhuc
697 943 737 996 isti
754 958 805 996 non
820 941 934 1011 sapiunt,
951 957 1004 996 non
1025 942 1147 1012 capiunt;
1161 939 1286 1009 urridqrrid
1304 959 1306 962 ⁴

505 1036 557 1091 iilis
566 1015 719 1095 dixerimus,
732 1036 864 1089 sinistrum
877 1044 904 1088 et
913 1035 1052 1090 adversum
1063 1034 1205 1089 babebnut.
1218 1032 1287 1101 Ergo

504 1127 651 1184 diiiereudo
670 1128 739 1182 cirea
755 1142 801 1182 eos
813 1126 973 1198 Scripturas,
989 1127 1173 1194 suspendimus
1188 1139 1285 1195 organa

504 1227 594 1273 nostra
609 1219 634 1271 in
646 1219 784 1273 salicibus:
797 1233 847 1272 uon
859 1219 929 1272 euim
939 1217 1177 1287 dignoshabemus,
1188 1215 1286 1286 quior·

456 1300 462 1308 '
502 1326 571 1383 gana
587 1320 675 1364 nostra
691 1321 804 1378 portent.
826 1309 883 1363 Nou
900 1324 963 1378 ergo
978 1310 1016 1363 eis
1030 1323 1127 1378 organa
1142 1316 1229 1361 nostra
1243 1306 1284 1359 iu·

503 1402 617 1457 serendo
626 1403 771 1471 alligamus,
787 1402 833 1456 sed
845 1400 990 1456 dillerendo
1004 1401 1198 1471 suspendimus.
1216 1399 1285 1454 Sali-

502 1507 550 1546 ces
571 1493 639 1545 enim
664 1500 725 1545 srmt
749 1492 897 1562 Babyloniae
919 1492 988 1559 ligna
1011 1490 1188 1556 iniructuosa,
1212 1498 1286 1559 pasta

502 1583 693 1654 temporalibus
712 1584 897 1652 vuluptatibus,
920 1593 1042 1652 tauquam
1061 1580 1213 1636 iinrrriuibns
1233 1581 1285 1635 iia·

539 1674 547 1728 l
567 1675 625 1728 nim.

502 1674 565 1818 hyl?
585 1763 658 1835 isera
673 1761 711 1835 3.]
731 1764 764 1817 Ει
777 1763 863 1818 viricte
871 1763 893 1817 si
903 1779 953 1817 nou
963 1762 1013 1818 bac
1025 1764 1143 1834 scarritnr
1154 1763 1283 1817 Psaimrrs:

503 1853 537 1908 Iu
547 1853 672 1916 salicibus,
690 1855 783 1922 innuit,
798 1856 824 1907 in
839 1855 919 1908 medio
934 1856 988 1925 ejus
1002 1855 1175 1926 suspendimus
1190 1870 1285 1923 arpano

502 1957 597 2000 nostra.
618 1946 741 2012 eroniam
764 1947 798 2000 ibi
818 1948 1032 2018 intmoprtserunt
1053 1963 1097 2002 aas
1120 1948 1163 2017 qai
1176 1947 1285 2014 captiuas

446 2079 452 2089 ,
502 2039 628 2091 duxeruut
641 2054 695 2099 uas,
710 2037 782 2091 aerbo
794 2039 947 2092 canticoram
956 2054 965 2102 ,·
975 2048 998 2093 et
1008 2040 1050 2108 aui
1062 2038 1217 2092 aidrcaerunt
1227 2053 1283 2102 uos,

497 2128 642 2199 barranum:
653 2129 786 2192 subaudis,
802 2131 1012 2201 interrnpumrunt
1026 2147 1081 2185 noa.
1101 2131 1185 2185 Ver-ba
1199 2130 1284 2184 canti-

502 2234 594 2272 corrnn
608 2228 634 2272 et
649 2219 773 2291 hymnum
790 2221 1019 2290 interrogaverunt
1030 2237 1088 2287 nos,
1102 2221 1145 2290 qtri
1166 2220 1285 2288 captives

502 2309 634 2364 drrreruut
643 2326 699 2364 uos.
708 2310 757 2378 eri
770 2327 817 2363 rios
826 2310 955 2364 duxeruut
966 2312 1092 2380 captivos
1102 2311 1285 2380 iratresiques

499 2400 634 2454 sensimus
649 2401 788 2470 aliquando
800 2403 976 2470 captivatores
987 2402 1109 2458 nostros?
1121 2402 1209 2477 Sensit
1225 2402 1284 2473 qui·

501 2490 563 2545 dem
577 2491 621 2546 illa
635 2492 781 2547 Jerusalem
796 2493 964 2561 Babylonios,
979 2494 1081 2557 Persas,
1096 2494 1245 2558 Clralalseos,
1257 2501 1285 2547 et

500 2583 606 2639 iliarum
628 2586 745 2653 petatium
767 2593 794 2639 et
816 2586 952 2656 regionum
967 2584 1087 2640 bomines
1108 2584 1283 2654 captivatores

500 2689 583 2737 suos:
599 2684 625 2729 et
638 2676 687 2729 iroe
707 2687 808 2746 postea,
824 2692 875 2731 nou
890 2678 995 2758 quandp
1015 2680 1057 2734 isti
1076 2680 1169 2755 psalmi
1191 2687 1283 2734 canu·

499 2767 607 2823 hautun
621 2768 673 2824 Sed
683 2769 737 2836 jam
750 2770 864 2825 diximus
875 2770 1002 2825 charitati
1018 2782 1113 2827 restrae
1126 2773 1212 2826 omnia
1225 2786 1284 2841 quae

498 2858 645 2912 secrrudurn
659 2858 773 2912 litteram
787 2859 813 2912 in
828 2859 870 2913 illa
888 2860 992 2914 civitate
1005 2863 1200 2932 contingebant,
1218 2863 1284 2932 ligu-

498 2963 546 3003 ras
556 2957 661 3003 nostras
674 2948 771 3004 inisse:
782 2959 809 3004 et
822 2949 899 3004 bacile
912 2960 1000 3022 potest
1012 2952 1187 3007 demonstrari
1201 2954 1284 3023 capti-

496 3054 549 3094 vos
562 3054 610 3093 uos
624 3054 691 3094 esse.
703 3039 760 3094 Non
776 3040 845 3095 enirn
856 3042 1016 3110 respiramus
1023 3043 1077 3112 jam
1089 3043 1114 3097 iu
1125 3060 1202 3098 auras
1213 3044 1283 3100 iilius

497 3131 644 3197 libertatis,
656 3148 708 3186 rum
719 3133 788 3187 enim
809 3132 921 3188 lenimur
931 3135 1044 3201 puritate
1057 3135 1185 3199 veritatis,
1198 3145 1225 3190 et
1239 3134 1283 3189 illa

498 3225 627 3293 sapientia
642 3240 701 3293 puae
716 3225 741 3277 iu
757 3227 843 3294 seipsa
857 3240 965 3280 manens
979 3227 1086 3281 innonat
1104 3228 1190 3283 omnia
1203 3227 1280 3302 (Sap.

497 3332 547 3381 vn,
562 3317 617 3387 il).
639 3317 860 3372 ileleetationibus
876 3319 1061 3386 temporalium
1082 3333 1171 3374 rernm
1193 3328 1282 3374 tenta·

498 3423 570 3469 mur,
583 3418 611 3463 et
622 3408 796 3463 colluctamur
809 3409 925 3478 quotidie
934 3424 993 3463 cum
1007 3409 1218 3481 suggestionibus
1231 3410 1283 3464 ilii-

497 3498 611 3553 cit'arnm
627 3499 859 3570 voluptatumne
874 3501 1033 3568 respiramus
1047 3501 1088 3555 vei
1100 3499 1126 3554 in
1141 3491 1279 3566 oratiouc;

497 3593 618 3663 captivos
638 3608 688 3647 uos
700 3608 760 3647 esse
781 3592 960 3662 intelligimus.
976 3593 1028 3648 Sed
1046 3594 1088 3663 qni
1106 3609 1153 3649 nos
1164 3593 1281 3662 captivos

497 3684 647 3740 dttterrrnt?
660 3685 704 3754 qrri
727 3685 864 3739 immines?
876 3702 935 3756 num
947 3686 1030 3756 ieris?
1041 3686 1085 3754 nui
1100 3685 1163 3741 res?
1177 3684 1203 3740 Si
1220 3685 1280 3739 red·

474 3759 484 3858 ¹.
498 3777 616 3841 iminrur,
633 3776 727 3845 captivi
742 3790 858 3830 eramus.
871 3775 935 3844 eris
950 3790 997 3830 nos
1008 3776 1136 3831 redemit?
1150 3777 1279 3831 Cirristus.

497 3867 521 3920 Α
535 3880 587 3936 quio
606 3881 653 3920 nos
667 3866 796 3921 redemit?
808 3868 829 3920 Α
845 3867 959 3922 diabolo.
976 3867 1100 3922 Diabolus
1112 3883 1176 3938 ergo
1189 3877 1217 3923 et
1229 3883 1279 3923 au·

495 3958 550 4028 geli
564 3956 621 4026 ejus
635 3958 753 4028 captiuos
776 3972 825 4010 nos
847 3957 993 4028 duxeruut;
1016 3975 1065 4013 uec
1085 3958 1211 4013 ‹lucerent
1230 3960 1278 4013 nisi

495 4049 704 4104 consentientes.
718 4048 771 4103 Nos
784 4049 854 4103 direti
870 4064 961 4103 snmus
973 4051 1078 4119 captivi.
1100 4049 1280 4118 captivatores

497 4139 581 4194 nostri
595 4139 647 4193 dixi
661 4140 704 4210 qrri
718 4140 778 4193 sint.
790 4138 841 4207 ipsi
855 4148 916 4193 sant
926 4141 1003 4193 etiarn
1016 4141 1130 4193 latrones
1140 4140 1280 4194 rnlrreran·

496 4238 538 4283 tes
552 4228 625 4283 illum
638 4230 765 4283 uiatorem
781 4228 825 4298 qni
838 4228 972 4283 rlescemlit
991 4229 1023 4281 ab
1035 4228 1179 4283 Jerusalem
1195 4229 1221 4282 in
1235 4229 1280 4284 le·

495 4321 587 4386 richo;
602 4336 680 4390 quem
694 4321 838 4374 sauciatum
852 4319 1005 4374 seantttvom
1019 4319 1188 4388 reliquerunt.
1205 4320 1279 4375 ilaue

495 4413 643 4466 iiieeustos
663 4420 764 4474 noster,
785 4411 809 4463 id
830 4420 870 4465 est
889 4410 1068 4463 Samaritanus
1087 4410 1278 4479 (Samaritanus

493 4505 568 4559 euim
582 4505 677 4559 Custos
689 4502 898 4573 interpretatur),
910 4503 950 4554 cui
959 4501 1090 4571 objectum
1102 4511 1165 4556 esta
1180 4502 1278 4558 iudaeis

493 4606 524 4651 et
537 4595 646 4660 dictant,
659 4594 685 4648 N
687 4612 750 4648 aurae
763 4610 846 4646 nerum
867 4594 972 4647 diuersas
982 4594 1040 4661 quia
1053 4591 1229 4648 Santaritonas
1241 4611 1275 4659 es,

493 4694 521 4739 et
532 4686 682 4739 damasium
694 4685 786 4738 babes?
796 4693 823 4736 ct
837 4684 881 4736 iiie
895 4681 1056 4750 obiectorum
1071 4682 1181 4736 duorum
1196 4699 1276 4737 nuum
1296 4718 1300 4725 -

495 4779 606 4848 respuit.
619 4788 645 4831 ct
658 4794 737 4831 uutrm
761 4777 860 4830 tenuit:
874 4775 936 4846 Epo,
953 4775 1046 4844 inquit,
1062 4773 1213 4828 demetriam
1227 4793 1276 4830 noa

495 4869 575 4924 balea
589 4867 676 4940 (laun.
689 4885 746 4932 sarr,
762 4868 806 4934 ts,
821 4868 882 4940 ts);
899 4883 950 4922 non
964 4877 1051 4921 :autem
1065 4866 1140 4931 dixit,
1155 4867 1210 4937 Ege
1224 4885 1276 4922 non

494 4974 555 5013 snm
567 4959 747 5014 Samaritanus
758 4975 764 5012 :
776 4959 797 5011 si
811 4960 880 5012 enim
896 4957 939 5011 ilic
961 4956 1141 5011 Samaritanus
1156 4974 1208 5012 nou
1228 4974 1277 5013 eu·

494 5049 627 5114 stodierit,
639 5049 728 5118 utiqare
739 5049 870 5118 perimus:
885 5047 1064 5101 Samaritanus
1077 5059 1138 5117 ergo
1149 5048 1277 5102 transiens

494 5140 561 5194 sidit
574 5142 691 5195 saucium
706 5150 731 5194 et
745 5140 909 5194 unlneratum
924 5138 1105 5194 derelictuma
1121 5139 1274 5206 latronibus,

494 5232 603 5287 etsica:
617 5232 710 5295 nostis,
732 5231 840 5301 collegit
860 5230 934 5305 (Luc.
956 5248 982 5292 x,
1009 5232 1114 5302 50-55).
1138 5232 1211 5288 Sient
1229 5235 1277 5287 ali·

494 5323 601 5393 arraudo
621 5326 751 5378 latronum
773 5326 1040 5393 nomiueponuntnr,
1062 5324 1107 5394 qni
1129 5323 1205 5379 nobis
1218 5325 1275 5395 pla-

493 5430 542 5484 gas
564 5427 730 5484 peecatorum
754 5414 914 5476 inllireruut,
934 5417 988 5485 jam
1009 5432 1055 5485 per
1076 5417 1275 5473 consensionem

495 5516 595 5562 anostra·
618 5509 795 5580 captivitatis;
820 5509 858 5562 sic
880 5517 906 5562 et
927 5509 1102 5577 captivatores
1122 5511 1204 5576 nostri
1227 5511 1276 5579 ipsi

492 5598 625 5653 dicuutur.

529 5684 555 5744 8.
572 5688 616 5745 isti
631 5705 694 5757 ergo
714 5689 757 5760 qni
770 5690 879 5758 captiuos
892 5689 1016 5744 duxerant
1036 5707 1092 5755 nos,
1114 5690 1233 5744 diabolus
1248 5696 1278 5747 et

492 5778 580 5852 aingeii
595 5780 663 5851 ejus,
679 5782 784 5851 nuarnlo
796 5781 872 5836 nobis
883 5782 1016 5846 dircrnut,
1029 5790 1056 5836 et
1066 5781 1172 5851 quartdo
1182 5799 1226 5837 uos
1237 5784 1276 5836 irt-

491 5881 680 5943 terropaaeruut
700 5872 774 5926 cerba
795 5871 968 5926 cancrorum?
986 5871 1055 5940 Quid
1076 5888 1140 5942 crgo
1154 5873 1277 5944 iutelligi-

493 5966 575 6020 mus?
590 5965 655 6031 Quia
669 5981 729 6019 curn
743 5966 808 6020 tales
822 5980 870 6019 nos
885 5964 1056 6034 interrogant,
1071 5965 1096 6018 iu
1112 5966 1206 6035 quibus
1218 5965 1275 6020 diu-

494 6054 571 6111 bolns
582 6065 716 6125 operatur,
726 6055 911 6125 intelligendus
921 6064 962 6109 est
975 6056 1030 6125 ipse
1043 6071 1091 6111 nos
1102 6057 1274 6126 interrogare,

493 6151 537 6221 qrti
552 6151 577 6204 in
590 6151 629 6205 eis
642 6161 777 6220 operatur.
786 6148 928 6219 Apostolus
936 6148 999 6202 dicit
1013 6166 1020 6204 :
1036 6145 1070 6203 Et
1080 6164 1123 6205 eos
1134 6165 1191 6203 eam
1204 6164 1270 6203 esss-

1010 726 1204 788 Eblbbaito
1224 723 1256 779 tri
1275 723 1437 784 esnetlttlt
1457 730 1597 788 cxxxt't.

2056 752 2121 810 itte

1341 845 1373 897 tis
1387 850 1478 901 utartui
1492 851 1516 902 r'n
1532 851 1628 906 delictis
1638 862 1660 906 el
1675 858 1781 924 peccatis
1795 862 1890 927 stateris,
1904 878 1960 916 erran
1971 866 2118 923 eircrctiam

1338 937 1389 990 illis
1401 942 1536 995 secandum
1550 947 1669 999 soecsrium
1684 952 1771 1005 errandi
1791 952 1876 1020 lrujrts,
1891 957 2027 1011 reundum
2042 958 2113 1023 prin·
2200 964 2204 971 '

1339 1029 1418 1098 cipeur
1430 1035 1557 1100 potestatis
1570 1037 1634 1089 aeris
1648 1039 1732 1107 listins,
1744 1044 1848 1109 spiritus
1860 1048 1902 1112 qui
1917 1064 1983 1100 aarrc
1996 1060 2116 1116 operatur

1338 1119 1364 1170 iu
1378 1120 1437 1185 filiis
1447 1121 1597 1191 diffidentie,
1614 1127 1641 1178 in
1653 1128 1741 1197 quibua
1755 1141 1777 1184 et
1791 1150 1846 1192 nos,
1862 1136 1964 1204 innitit,
1979 1139 2117 1207 aliquanda

1339 1214 1475 1265 cenoman·
1485 1229 1572 1268 samus
1584 1214 1690 1285 (pres.
1705 1235 1734 1283 u,
1750 1223 1820 1292 id).
1835 1224 1955 1280 Ostendit
1969 1242 1998 1281 se
2012 1226 2119 1283 redem-

1339 1308 1411 1369 ptum
1438 1303 1471 1357 de
1495 1304 1635 1378 ilaitylouia
1655 1313 1767 1382 caepisse
1786 1316 1839 1381 jam
1862 1319 1944 1372 exire.
1966 1319 2018 1373 Sed
2033 1315 2120 1375 tarnreu

1338 1391 1424 1446 adhuc
1439 1394 1500 1462 qrrid
1515 1395 1577 1451 dicit
1589 1399 1601 1451 i
1612 1399 1677 1468 Quia
1698 1418 1758 1456 curn
1782 1405 1900 1462 irnstibns
1918 1411 2016 1464 uostris
2029 1413 2120 1466 anulii«

1338 1481 1431 1550 girans.
1449 1483 1484 1538 Et
1505 1500 1537 1540 ne
1553 1488 1696 1544 irascamur
1719 1493 1923 1567 iaarrrinibusqni
1945 1501 2021 1554 uobis
2042 1501 2120 1570 inpe-

1338 1583 1400 1626 ruut
1425 1577 1633 1646 persecutiones,
1655 1583 1715 1637 tulit
1730 1585 1901 1649 intentionenr
1915 1601 2031 1645 nostram
2045 1593 2120 1659 Apo·

1338 1663 1423 1718 stolus
1433 1667 1689 1732 abodiohominnm,
1704 1685 1730 1728 et
1740 1675 1838 1730 direxit
1848 1676 1874 1732 in
1886 1678 1982 1733 loretum
1996 1696 2119 1751 qrrarum·

1338 1754 1398 1807 dam
1411 1757 1561 1826 spirituum,
1575 1777 1642 1830 nuos
1653 1781 1704 1817 non
1720 1766 1849 1834 aldarnus,
1861 1778 1887 1824 et
1902 1786 1960 1823 curn
1975 1771 2039 1840 ipsis
2050 1788 2118 1828 con·

1338 1845 1462 1916 iiigiuurs.
1476 1852 1518 1902 ait
1531 1852 1617 1925 puirn:
1636 1853 1696 1909 Νοιι
1708 1866 1742 1910 est
1754 1859 1821 1913 nobb
1835 1860 1978 1916 colluctatio
1994 1864 2114 1919 aduersas

1336 1953 1437 1992 carnem
1452 1950 1474 1994 et
1487 1945 1655 2014 reliquissem:
1673 1947 1697 2000 id
1711 1957 1761 2013 est,
1775 1950 1901 2006 adversus
1915 1950 2038 2009 hemines
2051 1969 2119 2025 quos

1337 2029 1443 2096 ridetis,
1457 2048 1472 2087 a
1487 2035 1581 2105 quibus
1607 2038 1674 2093 mala
1687 2039 1811 2096 videmini
1825 2043 1899 2112 pati,
1913 2045 1957 2114 qui
1971 2047 2047 2101 vobis
2069 2047 2121 2101 im·

1338 2131 1443 2190 portant
1466 2128 1662 2193 persecutiones
1675 2147 1682 2184 ε
1695 2147 1755 2185 ιιιιιι
1769 2147 1816 2201 pro
1830 2134 1893 2202 ipsis
1906 2149 1982 2189 orare
1994 2136 2120 2206 praecepti

1337 2226 1439 2268 sunaus.
1455 2213 1515 2269 Noa
1527 2226 1563 2270 est
1572 2218 1651 2284 uobis,
1668 2221 1762 2291 inquit,
1776 2223 1919 2278 colluctatio
1932 2225 2050 2279 aduersas
2060 2242 2120 2279 car-

1337 2320 1395 2358 uem
1409 2316 1432 2358 et
1450 2309 1607 2379 sanquinem,
1622 2311 1646 2364 id
1662 2321 1713 2378 est,
1728 2313 1856 2368 adversus
1869 2314 2005 2380 immines;
2018 2315 2062 2370 sed
2074 2315 2120 2369 ad·

1336 2409 1421 2448 tersas
1443 2398 1577 2466 principes,
1593 2410 1617 2454 et
1629 2410 1779 2469 potestates,
1795 2413 1936 2475 etlrectores
1951 2407 2037 2459 usundi
2050 2416 2120 2459 tene·

1336 2485 1437 2540 iraruru
1460 2488 1549 2542 Ιιιινιιιιι
1562 2489 1623 2555 (ic.
1638 2508 1674 2559 vr,
1691 2493 1754 2565 te).
1775 2478 1843 2562 Quid
1858 2497 1935 2562 siixit,
1949 2496 2037 2550 mundi
2048 2498 2060 2550 i
2073 2497 2119 2551 iii·

1336 2578 1464 2634 iectorum
1478 2583 1578 2637 muudi.
1595 2583 1802 2655 iiosappeliarit
1824 2597 1851 2641 et
1875 2588 2006 2652 tenelnus,
2034 2587 2058 2642 id
2079 2592 2121 2644 esi

1336 2670 1451 2741 iniquos,
1464 2676 1616 2740 sceleratos,
1635 2678 1763 2740 iulideies,
1778 2690 1947 2747 praecatores;
1962 2682 2120 2750 qrrilmsjam

1336 2762 1503 2818 credentibus
1526 2768 1670 2835 gratulatur
1696 2769 1746 2823 boe
1763 2770 1849 2834 rrrndn,
1871 2781 1900 2824 ut
1921 2771 2008 2823 dicat:
2026 2769 2121 2825 i'aistis

1336 2856 1402 2908 enim
1427 2856 1562 2926 aliquando
1584 2860 1699 2923 tenebra,
1721 2876 1788 2913 narra
1801 2871 1883 2913 autem
1906 2861 1950 2914 lua
1963 2862 1989 2914 irt
2012 2860 2119 2915 licutino

1335 2945 1403 3020 (id.
1419 2963 1446 3009 r,
1461 2947 1508 3021 8).
1524 2951 1591 3020 Ergo
1614 2952 1749 3006 roristituit
1769 2968 1817 3006 nos
1838 2953 1934 3007 luctam
1949 2952 2046 3008 babere
2060 2969 2119 3009 cum

1336 3037 1387 3091 iilis
1399 3038 1560 3109 principibus
1572 3059 1578 3106 ;
1597 3043 1643 3110 ipsi
1656 3057 1703 3097 tres
1716 3042 1847 3098 eluxerunt
1859 3045 1989 3113 captivos,

1371 3133 1397 3186 9.
1415 3132 1552 3198 errrrnndo
1567 3143 1654 3188 autem
1678 3133 1799 3188 diabolus
1814 3135 1919 3188 intrarit
1942 3135 1968 3188 in
1984 3150 2029 3189 cor
2043 3135 2118 3192 luda

1335 3219 1435 3292 (iaarr.
1452 3239 1509 3287 xnr,
1523 3224 1593 3296 ii),
1610 3233 1638 3278 nt
1651 3225 1767 3280 traderet
1789 3226 1939 3292 Dominum,
1962 3243 2013 3281 non
2027 3238 2115 3282 antem

1334 3312 1455 3378 intraret,
1468 3314 1517 3367 nisi
1533 3315 1575 3367 ilie
1590 3316 1674 3368 iocum
1694 3316 1787 3380 daret;
1811 3319 1850 3370 sic
1864 3318 1939 3374 multi
1956 3319 2017 3371 nraii
2032 3318 2119 3372 borni-

1334 3402 1425 3457 tresde
1438 3403 1523 3458 media
1537 3404 1679 3475 llabpionia
1694 3422 1741 3475 per
1752 3406 1882 3461 desideria
1895 3409 2009 3462 carnalia
2023 3419 2049 3463 et
2064 3411 2116 3465 illr-

1333 3492 1384 3547 cita
1399 3493 1484 3547 locrrm
1500 3494 1588 3548 dando
1602 3495 1707 3550 diabolo
1720 3505 1747 3551 et
1762 3499 1862 3567 angelis
1873 3498 1930 3566 ejus
1953 3499 1977 3553 in
1993 3499 2116 3555 cordibus

1333 3585 1399 3647 suis,
1414 3596 1443 3639 ut
1455 3585 1481 3638 in
1504 3585 1555 3641 illis
1568 3595 1595 3640 et
1609 3587 1641 3641 de
1657 3585 1709 3641 illis
1721 3596 1855 3658 operetur,
1875 3588 2017 3659 aliqnando
2032 3590 2115 3643 iuter-

1332 3684 1427 3746 rogant
1442 3690 1509 3741 nats,
1524 3688 1551 3731 et
1569 3676 1660 3730 dicunt
1675 3677 1751 3731 uobis
1765 3695 1771 3730 :
1786 3678 1918 3746 Exponite
1939 3678 2015 3733 uoltis
2034 3681 2116 3734 ratio-

1333 3782 1404 3820 nenr.
1420 3767 1517 3837 Pagaui
1543 3767 1658 3837 prierinue
1684 3767 1774 3823 dieunt
1797 3770 1845 3824 ista
1872 3771 1947 3825 nobis
1963 3788 1969 3823 :
1985 3771 2116 3841 Exponite

1331 3861 1472 3925 rationem,
1485 3877 1566 3932 ntrare
1579 3862 1649 3916 venit
1659 3861 1789 3927 eiulatus,
1804 3872 1831 3917 et
1844 3863 1907 3932 quid
1924 3863 2020 3932 proluit
2033 3865 2111 3919 Cirri-

1332 3961 1390 4008 stus
1415 3954 1505 4027 generi
1531 3953 1669 4008 irunrano‘l
1691 3953 1784 4009 Nonne
1806 3971 1838 4009 er
1869 3973 1921 4025 quo
1947 3958 2017 4011 venit
2038 3957 2114 4013 Cirri·

1331 4054 1387 4101 stus
1401 4046 1490 4116 pejora
1502 4056 1564 4100 sunt
1579 4047 1603 4099 in
1618 4047 1697 4101 rebus
1710 4046 1841 4112 immanis,
1854 4064 1932 4117 quam
1948 4048 2115 4106 ineruntan·

1332 4144 1384 4201 lea,
1397 4144 1423 4190 ct
1438 4135 1568 4190 feliciores
1579 4146 1640 4189 trane
1653 4147 1728 4190 eraut
1740 4135 1913 4191 reslrumanae
1926 4155 2003 4206 uuam
2017 4139 2114 4194 mado?

1332 4227 1425 4281 ilicant
1447 4226 1522 4279 uirbis
1546 4226 1684 4280 Christiani
1704 4225 1766 4296 quid
1787 4225 1848 4281 boni
1862 4229 1949 4281 attulit
1973 4229 2114 4286 Cirristns?

1331 4317 1401 4372 unde
1411 4316 1540 4371 leliciores
1553 4326 1646 4387 putent
1658 4334 1700 4372 res
1716 4319 1854 4383 humanas,
1871 4318 1931 4387 quia
1946 4321 2019 4374 verrit
2031 4320 2112 4375 Chri-

1330 4407 1407 4462 stus?
1420 4407 1498 4461 Vides
1510 4408 1591 4467 enim,
1606 4407 1628 4461 si
1643 4408 1743 4462 tireatra
1756 4417 1782 4462 et
1794 4408 1988 4477 ampbitlreatra
2003 4420 2029 4465 et
2044 4413 2109 4467 circi

1329 4478 1430 4552 starent
1449 4497 1593 4552 irresrlrunes
1606 4539 1614 4563 ,
1629 4498 1651 4551 si
1665 4498 1729 4552 nibil
1744 4490 1851 4553 caderet
1871 4497 1905 4553 de
1919 4498 2072 4571 Babylonia,
2087 4502 2111 4557 si

1329 4588 1436 4642 ubertas
1447 4596 1518 4641 esset
1529 4586 1766 4642 circumfluentium
1781 4588 1944 4658 voluptatum
1959 4591 2111 4647 bominibus

1329 4679 1474 4734 cantaturis
1495 4689 1522 4734 et
1543 4679 1677 4733 saltaturis
1689 4679 1722 4733 ad
1745 4680 1829 4748 turpia
1846 4682 1956 4744 cautim,
1985 4682 2007 4735 si
2030 4680 2110 4738 libido

1329 4769 1501 4825 scrrrtantium
1524 4778 1551 4824 et
1574 4770 1807 4843 meretricantium
1823 4770 1932 4825 baberet
1955 4773 2111 4842 quieteruet

1328 4863 1506 4926 securitatem,
1522 4862 1543 4916 si
1557 4877 1608 4915 nou
1632 4862 1735 4916 timeret
1756 4842 1850 4916 lumem
1866 4863 1891 4917 in
1907 4862 1985 4916 daturo
2006 4879 2052 4917 sna
2066 4866 2109 4934 qui

1328 4956 1424 5010 clamat
1435 4967 1463 5008 ut
1486 4955 1638 5025 pantomimi
1664 4956 1827 5020 s·estiantnr;
1842 4955 1864 5010 si
1880 4959 1936 5010 lucc
1950 4961 2037 5010 onmia
2051 4958 2109 5012 sine

1329 5048 1398 5109 labe,
1412 5048 1470 5104 sine
1490 5046 1687 5118 perturbatione
1700 5047 1784 5116 aliqua
1797 5046 1920 5113 linerent,
1935 5057 1962 5101 et
1975 5058 2046 5103 esset
2065 5065 2108 5103 sc·

1328 5138 1425 5193 cerritus
1446 5153 1539 5209 magua
1563 5153 1700 5208 ungarum,
1726 5137 1810 5192 lelicia
1830 5148 1920 5193 esseut
1933 5149 2061 5209 tempora,
2083 5151 2110 5195 et

1328 5246 1448 5301 magnam
1466 5231 1614 5286 inlicitatcm
1635 5230 1714 5286 rebus
1728 5228 1850 5284 humanis
1871 5232 1993 5287 Cbristus
2007 5234 2108 5287 attulis-

1328 5333 1377 5378 set.
1398 5323 1462 5390 Quia
1484 5339 1548 5378 vero
1572 5323 1708 5377 ceduntur
1730 5323 1879 5392 iniquitates
1894 5365 1901 5388 ,
1918 5334 1945 5379 nt
1966 5327 2108 5394 exstirpata

1327 5414 1468 5482 cupiditate
1476 5413 1605 5482 plantetur
1614 5413 1729 5467 ebaritas
1741 5411 1886 5469 Jerrtsaiem
1898 5430 1906 5479 ;
1917 5415 1977 5484 qnia
1990 5416 2106 5503 nissep-

1328 5513 1371 5558 tur
1384 5504 1573 5560 amaritudines
1586 5504 1646 5557 vitae
1658 5503 1805 5573 temporali,
1820 5514 1848 5559 ut
1861 5516 1959 5560 aterna
1971 5504 2108 5561 desidere·

1329 5607 1389 5661 tor;
1406 5597 1464 5663 unia
1478 5594 1634 5649 erudiuntur
1655 5594 1680 5647 in
1694 5595 1804 5664 liugeliis
1816 5594 1936 5649 benrines
1948 5636 1956 5661 ,
1970 5603 2107 5665 paternam

1327 5687 1485 5755 accipientes
1495 5683 1669 5754 disciplinam,
1684 5700 1716 5740 uc
1727 5685 1892 5754 judiciariam
1902 5686 2034 5739 inveniant
2049 5701 2106 5738 serr·

1327 5867 1456 5926 Christus.
1470 5870 1503 5925 Et
1511 5868 1605 5937 incipis
1614 5868 1702 5926 dicere
1715 5870 1814 5925 bomini
1823 5880 1920 5940 quanta
1934 5869 2002 5923 borna
2016 5869 2107 5924 lecerit

1327 5965 1457 6031 Christus,
1472 5963 1639 6033 etuoncapit.
1650 5962 1855 6033 Propeuiseuim
1864 5963 1898 6016 illi
1905 5962 1995 6031 eosqui
2008 5961 2106 6017 iaciunt

1327 6055 1395 6126 quod
1413 6053 1609 6109 modeaudistis
1629 6051 1813 6124 irrEvangeiio,
1828 6053 1944 6108 rendunt
1957 6044 2044 6108 aurula
2058 6070 2105 6108 sua

1329 6155 1356 6202 et
1374 6146 1436 6202 daut
1452 6146 1610 6216 pauperibus
1620 6185 1628 6211 ,
1640 6155 1670 6200 ut
1695 6144 1806 6201 babeant
1821 6145 1971 6201 tiresaumm
1985 6145 2011 6199 iu
2032 6145 2105 6200 ecelis
