5400 7059
466 774 536 831 175⁷

471 895 534 962 quid
556 894 659 948 intersit
679 894 747 950 iuter
762 893 826 950 deos
841 902 867 947 et
881 891 1001 948 ltomiues
1015 908 1021 944 :
1037 891 1083 944 sed
1099 933 1106 955 ,
1123 888 1156 943 ln
1170 887 1251 942 medio

465 987 561 1055 iuquit.
574 982 633 1040 e‘ees
646 987 772 1041 dirccmit.
784 985 884 1040 Deinde
897 984 1025 1054 sequitur,
1039 982 1172 1052 Usqueqtto
1180 980 1253 1054 indi·

466 1080 528 1135 eotia
544 1079 699 1145 inimtitatem
712 1076 797 1147 (Pral.
814 1092 905 1143 xxxxt,
918 1077 944 1136 l,
958 1075 983 1138 2,
996 1076 1023 1140 tt,
1035 1073 1084 1143 ll?
1098 1083 1125 1128 et
1136 1084 1250 1128 eaetera:

467 1185 526 1240 qum
541 1170 630 1239 utique
651 1185 703 1223 uon
717 1170 840 1224 omuibus
854 1168 901 1224 sed
920 1166 1077 1237 quibusdam
1092 1167 1174 1232 dicit,
1190 1164 1251 1234 quia

467 1263 623 1319 discernens
639 1262 702 1317 dicit
715 1279 723 1328 ;
739 1272 765 1316 et
781 1272 867 1316 menen
883 1262 908 1314 in
920 1262 1002 1314 teredio
1017 1259 1076 1313 dcet
1089 1257 1214 1311 discernit.

503 1355 531 1410 5.
549 1354 601 1412 Sed
620 1357 757 1426 queritur,
779 1357 802 1411 si
820 1354 941 1409 immines
959 1352 991 1408 ad
1011 1367 1078 1429 quos
1097 1365 1186 1407 sermo
1205 1350 1251 1405 Dei

468 1443 554 1500 laetius
568 1454 616 1504 est.
630 1445 665 1500 dii
679 1455 814 1511 vocamur,
829 1455 916 1499 utrum
929 1454 956 1499 et
965 1445 1057 1514 Angeli
1069 1443 1178 1497 roeaudi
1191 1449 1253 1496 suut

468 1538 523 1601 dii;
545 1554 604 1591 eum
622 1539 771 1593 ltomiuilms
783 1537 862 1607 justis
876 1547 903 1592 et
914 1537 1013 1591 sanctis
1026 1536 1169 1589 maximum
1182 1550 1250 1602 prat-

469 1627 551 1683 mimu
567 1628 736 1699 promittatur
750 1628 885 1697 arqtmlitas
900 1627 1071 1692 titgetomm.
1094 1627 1126 1680 Et
1139 1626 1165 1681 iu
1180 1625 1253 1681 Scri·

468 1719 556 1790 pteris
568 1718 673 1788 rqttidcm
689 1718 779 1773 nescio
791 1726 878 1772 utrum
889 1716 931 1772 vel
942 1717 1036 1788 possit,
1049 1715 1090 1770 vel
1103 1715 1179 1771 laeile
1192 1731 1252 1785 pes·

469 1810 502 1862 sit
517 1809 640 1877 reperiri,
655 1816 746 1877 aperte
759 1806 967 1877 dictesdugelos
981 1805 1063 1870 deos3
1083 1804 1129 1860 sed
1144 1819 1204 1859 eum
1219 1804 1252 1860 de

472 1899 585 1955 liomiuo
598 1901 650 1954 [leo
661 1898 758 1953 dictum
771 1906 852 1962 esset,
864 1897 885 1951 Τ
885 1897 992 1952 oriiiiir
1002 1912 1078 1967 anper
1087 1912 1172 1949 omnes
1182 1897 1251 1961 dees,

470 2004 518 2044 ettr
532 1990 582 2045 ltoe
594 1989 703 2052 dixerit,
718 1990 843 2044 continuo
855 1988 927 2042 velut
938 1986 1093 2056 exponendo
1105 1987 1251 2056 coniunxit,

472 2081 598 2148 Quoniam
608 2081 644 2135 dii
655 2079 770 2134 Gentium
781 2081 905 2134 dteutenia
917 2078 1000 2150 (Ptol.
1011 2079 1106 2146 xcv‚l,
1116 2079 1154 2148 t).
1168 2077 1253 2146 Super

472 2173 538 2228 tates
551 2172 616 2227 deos
630 2172 695 2227 dixit
709 2172 848 2227 [lentinum
863 2169 1007 2226 terribilem
1024 2171 1049 2224 iu
1068 2169 1167 2224 sanum
1185 2168 1251 2232 suis,

471 2279 538 2335 quos
552 2265 634 2319 eoelos
647 2263 725 2329 lecit,
739 2280 754 2318 a
767 2265 862 2336 quinus
876 2263 1005 2331 demonia
1020 2272 1191 2318 terrerentur.
1209 2262 1254 2318 Sic

471 2357 543 2413 enim
555 2357 689 2428 sequitur,
705 2357 829 2412 Dominus
843 2366 924 2411 aetem
937 2356 1011 2411 celer
1025 2357 1092 2428 [ecit.
1107 2354 1164 2409 Non
1179 2370 1252 2424 ergo,

473 2448 511 2502 Dii
531 2449 589 2505 siue
610 2448 807 2514 additamento;
832 2448 895 2512 sed,
910 2449 948 2502 liii
962 2447 1086 2504 Gentium
1100 2446 1229 2502 daemonia
1244 2464 1251 2501 ι

472 2542 593 2610 superius
607 2551 704 2606 tamen,
720 2540 865 2609 Terribilia,
878 2540 978 2611 inquit,
992 2556 1067 2610 caper
1079 2556 1164 2594 omncs
1178 2539 1253 2605 dcem·

474 2646 527 2686 nou
542 2633 595 2698 ait,
612 2647 691 2700 super
704 2647 797 2687 onmes
810 2632 875 2686 deos
889 2631 1029 2693 Gentium,
1043 2631 1161 2701 quamtis
1175 2629 1271 2684 intel·

473 2723 516 2794 ligi
538 2725 587 2778 hoe
607 2725 734 2791 uoluerit,
750 2725 871 2780 addendo
891 2724 961 2795 qued
976 2726 1111 2796 sequitur,
1129 2724 1254 2790 Quoniam

471 2814 505 2868 tiit‘
521 2814 636 2868 Getttr'nm
646 2815 781 2868 drentenie.
795 2814 871 2881 Quod
884 2815 989 2885 quidem
1002 2816 1028 2870 ln
1040 2815 1147 2870 heltraeo
1159 2814 1254 2870 dieitur

471 2908 572 2960 nonita
590 2921 649 2960 esse
663 2906 809 2973 seriptum;
831 2905 895 2971 sed,
912 2905 954 2960 llii
973 2905 1088 2960 Gentium
1108 2906 1252 2985 nerninem.

471 2998 546 3067 Quod
559 2999 581 3054 si
591 3015 680 3054 terum
693 3007 744 3066 est,
755 2999 838 3054 multo
848 2998 933 3070 tnagis
941 2997 1066 3055 credendi
1078 2997 1255 3068 suutSeptna·

471 3103 540 3160 gruta
556 3095 644 3145 rtuiuo
661 3093 758 3160 Spiritu
779 3093 953 3160 interpretati,
968 3107 1021 3161 quo
1041 3091 1141 3159 Spiritu
1161 3100 1187 3144 et
1209 3090 1252 3144 illa

471 3179 539 3236 dicta
554 3191 617 3236 suut
630 3197 688 3251 quae
703 3182 729 3235 iu
745 3182 857 3236 ltelrrteis
872 3181 968 3241 litteris
982 3191 1051 3237 suut.
1068 3182 1166 3237 Eodem
1180 3197 1255 3236 uem-

468 3285 520 3342 que
540 3282 667 3344 operante
684 3273 801 3342 Spiritu,
814 3273 893 3328 etiam
909 3272 959 3328 hee
978 3273 1030 3329 diei
1052 3274 1169 3343 oportuit
1183 3272 1254 3344 quod

467 3363 568 3422 dietum
582 3377 639 3430 est,
652 3363 696 3419 Dii
715 3363 831 3419 Gentium
844 3364 967 3419 demonio
980 3381 990 3419 .·
1005 3374 1033 3419 ut
1047 3365 1253 3436 intelligeremus

462 3456 600 3516 tieettam
614 3456 639 3511 iu
654 3443 761 3513 hebreo
774 3455 900 3524 positum,
912 3453 956 3508 Dii
970 3453 1088 3509 Gentium
1100 3454 1235 3509 ainmlocra
1243 3472 1253 3520 ,-

461 3563 495 3609 ιιι
508 3553 642 3608 daemouia
658 3534 745 3620 potius
757 3565 816 3621 quae
831 3557 893 3605 suot
906 3548 932 3603 iu
947 3547 1107 3614 simulacris,
1121 3547 1254 3617 signitica-

454 3652 574 3702 muter.
596 3642 661 3698 Nam
683 3641 754 3712 quod
776 3641 870 3695 attinet
889 3638 922 3695 ad
944 3639 999 3709 ipsa
1022 3637 1254 3708 simulatamque

446 3715 555 3806 'graeee
569 3733 735 3804 appellentur
748 3730 828 3796 idola,
843 3746 896 3802 quo
910 3730 1015 3785 uomiue
1026 3730 1081 3799 jam
1096 3726 1194 3783 utitinrr
1207 3743 1254 3797 pro

447 3825 568 3895 latino,
583 3827 674 3882 oculos
688 3826 787 3881 liabent
805 3835 832 3880 et
845 3839 898 3879 uon
910 3823 1016 3886 uideut;
1039 3831 1066 3877 et
1085 3830 1253 3888 ceteraque

446 3920 497 3979 (le
511 3921 559 3977 his
577 3919 636 3975 ideo
648 3918 789 3984 dicuutur,
804 3916 864 3986 quia
878 3910 949 3969 emr'ti
964 3904 1044 3969 sensu
1058 3921 1149 3967 carent
1164 3929 1170 3966 :
1186 3925 1253 3982 quo-

443 3993 540 4071 ‹eiree
555 4027 606 4067 uec
619 4010 712 4065 terreri
733 4016 856 4080 possunt,
870 4008 930 4077 quia
945 4006 996 4060 nisi
1008 4020 1040 4060 ea
1052 4021 1111 4075 quae
1126 4004 1252 4068 seruiunt,

444 4104 564 4164 terreri
589 4104 679 4172 utique
700 4118 752 4157 uon
770 4109 891 4171 possunt.
911 4097 1049 4167 Quomodo
1068 4111 1132 4166 ergo
1153 4096 1252 4149 dietum

442 4205 507 4254 est
522 4195 559 4252 de
573 4176 702 4258 Domino,
715 4191 846 4247 Terribilis
858 4199 893 4244 ιιι
911 4205 986 4258 cuper
999 4203 1084 4240 onmes
1100 4186 1177 4250 dces,
1190 4201 1255 4256 qna-

443 4290 538 4345 veiam
552 4285 590 4341 dii
602 4284 718 4340 Gentium
730 4279 879 4346 simulacra,
894 4278 944 4334 uisi
957 4293 1006 4348 per
1017 4277 1157 4332 simulacra
1171 4275 1253 4331 iutel-

434 4376 585 4454 -ligantur
599 4376 739 4439 daemouia,
755 4387 814 4445 quae
828 4371 922 4427 terreri
935 4368 1067 4440 possenti
1088 4365 1164 4423 Unde
1176 4367 1212 4421 ait
1227 4375 1254 4421 et

444 4470 631 4544 Apostolus,
646 4467 745 4523 Scimus
763 4466 822 4539 qnia
841 4462 904 4518 niiril
918 4471 952 4517 cet
966 4460 1061 4515 idolam
1080 4475 1090 4513 .·
1110 4459 1161 4514 hoc
1181 4458 1253 4513 enim

447 4560 562 4620 retulit
575 4559 609 4614 ad
628 4559 764 4614 materiam
780 4566 911 4611 terrenam
933 4567 1013 4608 seusu
1026 4559 1170 4605 carentem.
1188 4548 1253 4603 ltem

447 4666 499 4709 ne
529 4651 669 4722 quisquam
694 4654 798 4718 putaret
820 4659 873 4700 ueu
897 4658 956 4699 esse
983 4641 1097 4712 aliquam
1121 4640 1254 4694 uiuentem

446 4743 680 4812 sentientemque
701 4749 832 4805 naturam,
846 4753 904 4808 que
916 4735 1039 4792 Gentium
1059 4731 1196 4787 sacrificiis
1207 4729 1256 4786 de·

452 4834 595 4898 leetetur,
610 4832 729 4903 adjunxit
744 4850 751 4886 :
766 4831 819 4887 Sed
832 4846 888 4899 qate
901 4827 1031 4881 immolent
1044 4824 1145 4886 Gentes,
1162 4823 1256 4877 dame-

453 4927 519 4982 nir’r
534 4923 675 4986 immolent,
691 4930 713 4975 et
727 4938 779 4975 nen
791 4919 855 4973 lice.
870 4917 939 4972 Nolo
948 4933 991 4971 eor
1001 4915 1081 4971 socier
1091 4914 1146 4983 ficri
1159 4913 1254 4966 deme—

458 5020 572 5086 nierrtm
590 5016 618 5086 (l
629 5013 687 5069 Gor.
698 5030 730 5078 x,
741 5012 805 5083 90).
825 5010 852 5066 st
866 5025 938 5079 ergo-
951 5023 1079 5078 nusquam
1102 5006 1127 5060 iu
1142 5005 1255 5075 eloquiis

458 5107 569 5166 divinis
583 5106 714 5175 reperitur
727 5110 833 5159 sanctos
843 5100 959 5172 Angelos
972 5099 1120 5168 appellatos
1134 5096 1208 5161 deos,
1222 5109 1254 5150 ea

466 5198 536 5256 milti
549 5211 628 5254 eausa
641 5195 807 5267 potissimum
825 5191 955 5256 occurrit,
968 5205 1000 5243 ue
1015 5189 1066 5244 isto
1086 5189 1192 5242 nomine
1204 5185 1255 5239 lto-

467 5292 557 5348 mines
571 5289 604 5345 ad
619 5289 669 5344 hoe
687 5287 897 5348 aedilleareutur,
913 5294 942 5338 ut
953 5283 1129 5336 ministerium
1144 5281 1184 5334 uel
1199 5295 1256 5333 ser-

469 5384 563 5440 riuum
576 5379 728 5451 religionis,
741 5392 799 5448 quae
812 5390 899 5446 graeee
913 5373 1032 5443 liturgia,
1046 5373 1087 5427 uel
1102 5370 1176 5426 latria
1190 5363 1256 5425 diei-

433 5518 437 5527 .
472 5483 524 5540 tur,
541 5471 642 5527 sanetis
653 5469 761 5539 Angelis
773 5465 951 5528 exhibereut;
971 5453 1106 5533 quod'uee
1118 5461 1168 5530 ipsi
1181 5460 1255 5515 cxlii·

471 5564 527 5621 lteri
541 5565 576 5617 ab
588 5562 740 5617 ltemiuilms
752 5559 854 5620 volunt,
867 5557 915 5611 uisi
928 5556 963 5609 illi
976 5557 1030 5610 lieo
1039 5555 1083 5624 qui
1096 5562 1123 5607 et
1137 5554 1253 5623 ipserum

472 5669 498 5714 et
522 5658 660 5713 hontitmm
683 5654 824 5709 deusest.
850 5651 924 5707 Unde
946 5650 1028 5703 multo
1052 5648 1142 5703 utilius
1161 5646 1254 5717 uugeli

472 5758 620 5813 toeerttur,
644 5748 689 5819 qui
713 5746 793 5801 latine
815 5743 897 5799 nuntii
922 5750 1128 5810 nuncupautttr;
1156 5749 1185 5794 ut
1206 5755 1255 5810 per

472 5856 569 5898 nemen
585 5855 638 5896 uon
651 5839 814 5901 substantiae,
831 5835 876 5891 sed
892 5833 982 5899 oflicii,
999 5833 1063 5888 satis
1078 5831 1254 5901 intelligamus

471 5936 546 5991 illum
564 5934 675 5989 neuma
691 5931 767 5985 uoltis
787 5944 834 5983 eos
853 5927 904 5982 coli
924 5926 1008 5988 nelle.
1023 5940 1100 5994 quem
1122 5924 1252 5978 nuntiant.

471 6024 566 6082 toam
590 6037 654 6093 ergo
676 6022 752 6077 istam
776 6020 948 6090 ignorationem
972 6016 1088 6071 irretirer
1110 6015 1254 6084 Apostolus

470 6117 561 6183 solvit,
576 6114 620 6169 ttlt't
633 6114 669 6167 ait
685 6130 692 6166 :
707 6110 776 6165 ll'ttm
789 6110 834 6164 etei
847 6119 904 6164 snut
919 6108 961 6178 qui
975 6108 1091 6160 dicantur
1103 6106 1150 6174 dii,
1165 6107 1216 6161 titre
1227 6106 1254 6160 in

470 6222 549 6283 wgo,
565 6212 617 6265 aiae
637 6209 663 6263 in
683 6219 766 6272 terra:
787 6205 997 6267 namtadntodttm
1009 6211 1066 6259 taut
1084 6202 1120 6256 dii
1140 6202 1214 6256 multi
1227 6212 1251 6256 et

1000 762 1247 831 [manusnotat
1266 768 1425 829 Psttttutt
1442 774 1572 831 CXXXV.
1603 796 1605 801 ·

2015 788 2028 842 l
2034 789 2084 844 758

1303 885 1398 939 detinni
1420 889 1511 954 multi,·
1534 891 1578 943 red
1597 891 1666 945 nobit
1687 909 1751 949 rums
1766 892 1850 961 Deae,
1872 894 1966 964 Pater,
1987 916 2018 953 ec
2030 884 2084 963 'quo

1303 979 1397 1041 outnia,
1411 988 1434 1032 et
1446 995 1491 1032 net
1503 980 1529 1034 in
1542 981 1609 1049 ipre,
1623 993 1647 1035 ct
1661 1001 1726 1037 nnnc
1738 984 1860 1039 Dentintts
1872 985 1947 1040 Jecur
1957 987 2082 1058 Citrirtttt,
2173 1005 2175 1009 '

1303 1085 1348 1137 per
1361 1086 1434 1140 quem
1447 1072 1541 1136 emnia,
1554 1082 1578 1127 et
1589 1090 1634 1127 noe
1648 1093 1692 1144 per
1705 1077 1787 1145 ipram
1800 1078 1822 1148 (l
1832 1076 1891 1133 Cor.
1907 1095 1961 1144 vttt,
1976 1082 2047 1153 4-6).

1338 1165 1365 1217 l.
1386 1161 1461 1236 [ecre
1473 1164 1513 1238 l.]
1527 1164 1707 1222 Coultteamur
1718 1185 1780 1240 ergo
1795 1169 1849 1225 Dee
1863 1174 1980 1239 deerant,
1995 1185 2018 1228 et
2031 1174 2084 1228 lle·

1302 1255 1370 1309 mino
1384 1256 1561 1321 dentinorttm5
1583 1259 1700 1326 qnoniam
1720 1262 1747 1314 in
1769 1272 1888 1316 aternam
1911 1265 2085 1320 misericordia

1303 1348 1366 1418 ejas.
1382 1347 1431 1414 Qai
1441 1348 1498 1417 [ecit
1508 1349 1633 1403 mirabilia
1644 1368 1734 1422 magna
1744 1351 1822 1408 telae.
1836 1355 1912 1411 Sicut
1925 1357 1951 1412 in
1964 1361 2083 1413 emnium

1302 1451 1427 1492 versuum
1448 1439 1598 1496 novissimis
1617 1443 1736 1511 partibus
1756 1445 1869 1513 positum
1884 1457 1941 1512 est,
1959 1449 2084 1516 Quoniam

1303 1530 1329 1581 in
1340 1539 1462 1584 teterrrttm
1474 1532 1643 1586 misericordia
1655 1534 1709 1604 ejas
1716 1551 1727 1600 ,·
1741 1535 1780 1591 sic
1791 1536 1816 1589 io
1828 1539 1944 1592 omnium
1955 1542 2085 1610 capitilms

1303 1623 1423 1688 quamvis
1438 1638 1490 1676 noo
1509 1624 1543 1676 sit
1562 1624 1694 1693 positum,
1708 1626 1917 1684 subaudiendum
1933 1641 1983 1697 est,
1997 1632 2085 1701 Confi-

1304 1714 1398 1768 tcmini.
1414 1714 1488 1781 Quttd
1506 1715 1532 1769 iu
1547 1731 1633 1786 greco
1645 1719 1793 1775 euidentius
1806 1733 1924 1792 apparet.
1938 1727 2087 1793 appareret

1304 1815 1393 1862 autem
1409 1817 1434 1862 et
1447 1809 1474 1862 iu
1487 1808 1582 1873 latino,
1597 1811 1620 1865 si
1633 1812 1754 1866 eamdem
1771 1812 1929 1871 locutionem
1944 1818 2087 1873 transferre

1304 1897 1452 1966 potuissent
1473 1899 1630 1969 interpretes
1648 1902 1742 1957 uestri.
1759 1904 1839 1972 ‘Quod
1861 1906 1965 1976 quidem
1987 1906 2024 1963 iu'
2036 1909 2087 1963 iste

1306 2003 1382 2044 uersu
1402 1985 1527 2059 possent,
1547 1991 1569 2046 si
1582 1991 1716 2055 dicerent,
1741 1994 1843 2065 facienti
1856 1995 1980 2051 mirabilia
1993 2015 2002 2052 .·
2015 1999 2086 2069 qued

1305 2080 1376 2133 euim
1388 2095 1436 2133 uos
1449 2080 1586 2157 habemus,
1600 2082 1650 2148 Qei
1663 2084 1720 2155 [ecit
1730 2083 1854 2138 mirabilia
1863 2103 1872 2149 ,·
1882 2101 1984 2157 graecus
1996 2087 2086 2154 ltabet,
2159 2140 2162 2153 ,

1304 2170 1406 2240 facienti
1423 2173 1548 2228 mirabilia
1562 2172 1615 2246 (ιιμ
1632 2175 1675 2229 ulti
1689 2177 1839 2230 necessario
1852 2176 2011 2247 confitemini
2023 2182 2086 2236 sub·

1305 2262 1419 2318 auditur.
1435 2266 1520 2334 Atque
1543 2265 1641 2320 utinam
1662 2265 1704 2321 uel
1729 2282 1873 2337 pronomen
1895 2268 2041 2336 adderent,
2060 2281 2088 2325 ut

1305 2354 1433 2420 dicerent,
1450 2356 1480 2410 Ei
1498 2357 1542 2426 qni
1560 2359 1641 2429 [acin
1663 2357 1722 2424 rel,
1737 2358 1760 2414 ei
1777 2360 1821 2429 qni
1834 2360 1909 2429 secie·
1931 2361 1991 2423 vel,
2007 2363 2030 2417 ei
2041 2362 2088 2432 ‘qui

1305 2446 1428 2514 promeit:
1436 2449 1495 2517 quia
1506 2448 1585 2504 etiam
1596 2450 1634 2504 sie
1645 2448 1721 2506 iaeile
1731 2451 1921 2522 intelligeretur
1928 2451 2088 2522 Confitetnt'ni

1306 2553 1365 2594 esse
1383 2540 1602 2597 subaudiendum.
1616 2542 1693 2598 Naue
1705 2559 1767 2598 rere
1781 2544 1816 2598 ita
1835 2545 1976 2600 obscurum
1990 2546 2088 2601 laetum

1305 2639 1356 2696 est,
1371 2639 1400 2684 ut
1414 2633 1457 2700 qui
1471 2632 1589 2688 codicem
1602 2649 1717 2703 grecum
1729 2635 1784 2690 sive
1804 2636 1928 2691 nescierit
1946 2637 2087 2705 inspicere.

1305 2721 1361 2776 sive
1376 2726 1540 2792 tit-glexerit,
1558 2726 1641 2792 possit
1661 2734 1770 2793 putare,
1788 2726 1839 2793 Qrti
1858 2727 1916 2797 {ecit
1930 2727 2021 2794 caeles,
2038 2726 2088 2794 Qui

1305 2816 1414 2884 firmavit
1427 2826 1528 2879 terrem,
1544 2815 1594 2882 Qui
1609 2818 1668 2888 [ecit
1684 2815 1830 2882 luminario,
1844 2819 1963 2889 qnoniam
1976 2819 2003 2872 in
2015 2829 2089 2873 oeter-

1305 2922 1365 2960 nent
1380 2907 1550 2961 uritericordio
1563 2908 1634 2977 rjus,
1649 2907 1709 2961 ideo
1723 2907 1841 2973 dictem,
1858 2908 1933 2978 quasi
1948 2918 2087 2978 propterea

1306 2999 1355 3058 ista
1371 2998 1472 3062 lecerit,
1492 3000 1616 3065 Quoniam
1632 3001 1659 3053 in
1680 3009 1801 3055 eternum
1822 3001 1993 3056 necencorota
2007 3002 2087 3073 eina:

1305 3091 1412 3146 eumad
1435 3091 1491 3161 ejus
1506 3091 1713 3147 utiserieordiam
1735 3091 1772 3148 illi
1794 3093 1958 3163 pertineant,
1974 3107 2041 3164 quos
2055 3093 2089 3148 de
2104 3081 2106 3083 ¹

1306 3183 1411 3238 miseria
1434 3184 1549 3250 liberat3
1578 3199 1630 3237 tren
1654 3192 1743 3239 autem
1769 3191 1798 3238 ut
1818 3183 1876 3253 eius
1899 3183 2089 3239 misericordie·

1306 3270 1387 3329 luisse
1401 3275 1578 3346 intelligamus
1592 3274 1679 3329 lacere
1700 3275 1796 3331 eoelttm
1817 3283 1845 3331 et
1857 3283 1955 3330 terram
1969 3284 1996 3330 et
2009 3275 2088 3330 lumi-

1306 3368 1397 3434 naria,
1411 3383 1470 3422 cum
1490 3367 1552 3422 illud
1564 3363 1599 3423 s'it
1617 3367 1744 3422 bonitatis
1759 3369 1816 3436 ejus
1829 3368 1874 3438 qui
1887 3368 1987 3423 creavit
1999 3367 2087 3422 omnia

1306 3458 1375 3512 bona
1390 3458 1466 3520 ualde
1486 3457 1564 3529 (Gen.
1578 3473 1605 3525 ι,
1619 3459 1649 3514 st
1661 3457 1682 3530 l.
1696 3446 1809 3514 'Creauit
1823 3467 1930 3524 antem,
1951 3468 1981 3513 ut
2000 3468 2090 3514 esseut
2172 3479 2180 3498 =

1306 3551 1394 3605 omnia
1408 3550 1486 3622 (Sap.
1498 3567 1516 3615 ι,
1531 3550 1593 3622 ll);
1609 3552 1732 3607 hocvero
1745 3551 1945 3618 misericordiae,
1959 3559 1987 3605 ut
1999 3567 2014 3606 a
2028 3565 2090 3621 pec·

1306 3640 1372 3697 eatis
1396 3641 1494 3696 uostris
1518 3641 1628 3698 muudet
1650 3656 1709 3709 nes,
1732 3651 1759 3697 et
1780 3657 1795 3697 a
1820 3643 1925 3698 miseria
1947 3643 2041 3697 liberet
2062 3642 2089 3695 in

1305 3741 1445 3786 eternum.
1463 3731 1501 3787 lta
1515 3741 1578 3802 ergo
1597 3747 1646 3788 uos
1668 3732 1808 3803 alloquitur
1824 3733 1946 3788 Psalmus
1959 3751 1966 3788 ε
1979 3733 2089 3802 Confite-

1306 3823 1372 3877 mini
1393 3823 1446 3877 Deo
1466 3824 1587 3891 deerant,
1610 3824 1762 3894 confitemini
1781 3823 1892 3879 Domino
1912 3824 2090 3890 dominorum:

1306 3914 1469 3971 eottdtemiui
1483 3916 1508 3971 ei
1527 3898 1576 3986 qui
1584 3917 1645 3986 [ecit
1658 3916 1783 3971 mirabilia
1796 3933 1888 3986 magna
1901 3917 1990 3981 tolno,
2005 3916 2088 3971 ceoll-

1308 4007 1398 4062 temiui
1413 4007 1437 4062 ei
1456 4009 1498 4077 qni
1513 4008 1571 4075 [ecit
1582 4008 1662 4061 -coeloe
1681 4008 1707 4060 in
1727 4007 1872 4071 intellectn,·
1887 4006 2049 4060 confitemini
2064 4007 2089 4061 ei

1306 4098 1350 4161 qtti
1371 4098 1480 4166 firmauit
1501 4106 1593 4150 terrent
1613 4113 1688 4167 anper
1706 4113 1802 4165 nqrtae,·
1823 4096 1983 4150 coulttemiui
2004 4096 2027 4150 ei
2047 4098 2090 4163 qtti

1307 4187 1366 4258 [etit
1379 4185 1512 4240 lantinart‘a
1530 4202 1621 4257 magna
1634 4186 1713 4239 eolat.
1734 4184 1787 4240 Cur
1801 4195 1892 4238 autern
1906 4184 2087 4246 conliteamur,

1303 4275 1335 4331 iu
1349 4277 1466 4332 emnium
1479 4291 1603 4330 versuum
1618 4274 1714 4329 linibus
1726 4273 1809 4344 pouit,
1828 4273 1952 4340 Quoniam
1973 4275 1999 4327 in
2018 4284 2099 4354 ceter-¹

1307 4384 1367 4422 nam
1379 4366 1551 4420 ntiaericordin
1563 4366 1628 4439 ejus.
1684 4355 1689 4359 ’

1342 4459 1369 4515 ι.
1390 4456 1472 4531 [un.
1486 4456 1576 4531 ern]
1596 4456 1648 4513 sut
1665 4455 1728 4526 qm
1742 4463 1799 4522 m,
1824 4455 1874 4522 ortt·
1895 4454 2090 4527 geniminum
2127 4437 2133 4449 '

1307 4565 1398 4619 niagno
1418 4548 1510 4602 tolus?
1531 4563 1565 4602 an
1588 4548 1649 4618 quia
1668 4545 1750 4600 multa
1772 4545 1901 4599 miraltilie
1916 4545 2090 4614 perungens

1306 4647 1335 4695 et
1346 4655 1394 4710 per
1405 4638 1525 4693 lteutiues
1538 4637 1620 4693 lecit?
1633 4637 1699 4693 Sunt
1712 4636 1831 4707 quedam
1842 4651 1934 4706 magno
1945 4651 2005 4705 quae
2017 4636 2090 4690 selus

1295 4716 1378 4785 'Deus
1391 4728 1469 4795 iacit,
1482 4737 1509 4783 et
1521 4728 1578 4799 ipsa
1590 4727 1745 4798 exsequitur
1757 4727 1865 4793 diceus,
1881 4725 1931 4791 Qui
1946 4726 2003 4798 [ecit
2015 4726 2090 4780 coelor

1267 4836 1272 4845 ·
1307 4823 1333 4877 in
1345 4821 1481 4884 intellecta,
1497 4819 1547 4885 Qtti
1558 4820 1667 4890 firmavit
1680 4827 1770 4873 terram
1782 4835 1856 4888 snper
1867 4834 1956 4890 aqum,
1971 4816 2020 4883 Qui
2032 4818 2089 4887 {ecit

1309 4914 1443 4968 luminaria
1464 4929 1557 4985 meque
1577 4910 1646 4966 selae
1663 4927 1673 4966 .·
1692 4910 1752 4966 ideo
1766 4919 1792 4966 et
1813 4908 1855 4964 ltie
1877 4908 1987 4973 addidit,
2010 4909 2087 4966 eolat.

1307 5007 1368 5076 quie
1382 5014 1477 5059 cetera
1492 5003 1622 5058 mirabilia
1635 5018 1695 5073 quae
1706 5001 1827 5057 dicturus
1842 5010 1892 5065 est,
1909 5016 1956 5070 per
1969 4998 2089 5055 ltemiues

1308 5095 1380 5151 lecit.
1394 5095 1460 5151 Cum
1475 5095 1545 5150 enirn
1560 5093 1688 5160 dixisset,
1703 5091 1754 5158 Qni
1772 5093 1830 5161 [ecit
1849 5092 1983 5145 luminaria
1996 5107 2089 5162 oteqnn
2133 5160 2137 5166 ³
2175 5091 2184 5107 ⁸

1307 5187 1395 5249 solam·
1416 5187 1542 5255 quaesiut
1563 5184 1655 5238 eadem
1680 5181 1834 5243 luminaria,
1855 5191 1961 5236 secutus
1975 5182 2087 5251 operuit,

1308 5274 1394 5335 Solent
1408 5277 1433 5330 in
1446 5286 1591 5346 peteetutetn
1600 5274 1659 5339 diei,
1676 5273 1793 5326 inueniet
1805 5271 1889 5325 stellae
1903 5272 1929 5324 itt
1942 5282 2088 5341 potestatem

1307 5369 1395 5423 noctis.
1413 5366 1511 5421 lieiude
1524 5365 1615 5433 incipit
1628 5364 1787 5431 dicereque
1801 5362 1971 5432 perungeles
1981 5361 2023 5416 uel
2037 5376 2086 5431 per

1307 5460 1429 5514 immines
1442 5458 1532 5513 lecerit
1547 5476 1553 5509 ι
1569 5456 1619 5523 Qtti
1633 5454 1753 5523 percurrit
1765 5451 1977 5523 AEggptnrncam
1992 5452 2086 5522 pomo·
2115 5516 2117 5524 Ι

1306 5552 1396 5622 genitis
1406 5563 1507 5611 eernnt;
1516 5555 1544 5602 et
1555 5556 1661 5600 cetera.
1673 5544 1827 5600 Urtiuersam
1842 5544 1919 5612 igitur
1928 5553 2086 5604 creaturam,

1307 5659 1360 5698 oen
1376 5643 1465 5712 utique
1485 5641 1555 5696 Deus
1574 5654 1622 5708 per
1639 5637 1754 5707 aliquam
1768 5646 1928 5699 creaturam,
1950 5635 1996 5688 sed
2016 5635 2088 5689 sulus

1306 5735 1379 5791 iecit.
1393 5732 1474 5803 eujus
1492 5740 1620 5786 creature
1637 5729 1763 5799 quasdam
1780 5737 1868 5797 partes
1887 5726 2088 5782 excellentiores

1306 5825 1542 5891 commemorarit,
1568 5839 1600 5879 ex
1630 5821 1724 5893 qru'bus
1751 5821 1871 5875 universa
1899 5818 2086 5888 cogitaremm,

1308 5919 1485 5991 intelligibiles
1506 5912 1588 5972 eoeles
1606 5924 1633 5972 et
1647 5912 1777 5970 visibilem
1793 5922 1889 5968 terram
1903 5927 1910 5964 :
1924 5919 1951 5965 et
1962 5910 2085 5982 queniam
2128 5959 2131 5970 ,

1306 6023 1370 6068 suut
1380 6013 1459 6066 etiam
1471 6009 1532 6064 eceli
1543 6007 1670 6073 risibiles,
1683 6002 1896 6062 commemoratis
1907 6017 1998 6058 eorem
2010 6000 2088 6057 lunti-

1337 6211 1374 6276 (α)
1394 6208 1423 6260 td
1433 6201 1553 6270 ροὲἑεαιιιί.
