5400 7059
595 705 664 767 titi
1202 692 1231 750 S.
1252 691 1430 750 AUGUSl'lNi
1451 692 1603 751 uutscot‘t
2152 700 2223 756 tutti

594 818 757 893 significatur
768 828 815 887 per
828 812 854 869 id
868 807 1075 881 ouodcontinet,
1089 805 1116 861 id
1130 807 1199 876 quod
1215 803 1375 869 continetur,
1434 805 1511 860 nibus
1523 815 1649 876 sequatur
1660 808 1811 876 consilium,
1824 810 1900 880 cujus
1910 811 1937 866 in
1951 811 2146 868 tentationibus
2159 828 2224 885 prc-

595 914 663 970 slcttt
676 909 788 966 dicimus
799 905 894 962 oratam
909 903 1027 966 donnum,
1052 902 1079 955 in
1098 894 1150 970 qua
1165 898 1227 953 mali
1249 897 1379 961 trahitant,
1432 904 1507 950 outur
1519 898 1655 953 auxilium.
1678 899 1714 954 lto
1728 901 1818 957 enitet
1833 901 1940 958 bumilis
1959 904 1986 958 in
2003 903 2223 962 confessionibus

595 1014 622 1061 ct
633 1006 729 1061 bonam
749 1001 775 1055 in
795 1013 846 1068 qua
867 995 952 1051 bonit
973 993 1025 1065 ipsi
1049 1006 1163 1062 namque
1186 990 1381 1047 interficiebant
1433 988 1500 1052 suis,
1520 1003 1555 1044 nc
1568 990 1736 1047 lintistorum
1755 991 1861 1061 similis,
1885 993 2028 1065 dequibus
2050 995 2171 1053 dicitur:
2187 996 2223 1053 Et

595 1098 696 1152 anituas
708 1107 769 1149 suas
781 1088 941 1146 immolando
950 1088 1018 1144 itlius
1030 1100 1102 1152 suos,
1113 1093 1139 1140 et
1150 1084 1309 1142 eiiundendo
1320 1099 1380 1140 san·
1433 1077 1558 1134 bttuu'liuti
1569 1089 1627 1134 sunt
1639 1081 1665 1136 iu
1679 1082 1849 1152 iuriquitott'tuu
1861 1086 1924 1142 uuis.

594 1189 700 1258 grtiuem
714 1182 882 1255 parvulorum
893 1196 908 1235 a
920 1178 1096 1234 consensione
1108 1177 1178 1233 illius
1192 1175 1301 1232 sceleris
1316 1175 1382 1231 alie·
1468 1170 1512 1225 55.
1527 1168 1601 1242 [uera
1613 1172 1658 1239 rt,
1671 1172 1728 1247 diu]
1742 1173 1814 1231 Deus
1822 1185 1908 1230 tamen
1918 1177 2010 1246 plenus
2018 1178 2219 1245 misericordia,

595 1292 689 1336 bortum
702 1295 709 1331 ε
724 1274 793 1331 uude
806 1274 905 1330 dictum
917 1281 968 1337 est,
981 1269 1133 1337 Effuderunt
1144 1269 1293 1339 soupuirteut
1305 1268 1381 1323 intro·
1432 1273 1485 1316 bun
1498 1261 1674 1331 neglexisses
1688 1279 1696 1328 ;
1713 1281 1723 1316 u
1741 1263 1774 1320 Et
1787 1265 1853 1333 vidit
1865 1281 1926 1322 curu
1939 1267 2143 1338 tribularentur,
2157 1284 2221 1326 curu

595 1378 700 1425 centem.
724 1367 805 1437 Ergo,
825 1364 1089 1434 intertectomtterru
1110 1360 1136 1414 in
1159 1360 1332 1431 mapuinitus,
1357 1368 1383 1413 et
1432 1351 1537 1408 erudiret
1547 1353 1694 1413 orationem
1705 1371 1809 1416 eorum,
1832 1357 1867 1415 Er
1880 1373 1984 1416 memor
1996 1361 2045 1416 [up
2063 1365 2223 1420 mummi

595 1452 1089 1526 routouunatoestiuoperibnseorum,
1108 1465 1169 1506 cum
1186 1449 1235 1520 ipsi
1251 1448 1381 1505 interlecti
1432 1443 1892 1516 sui,ctpoenitnitcumsecundum
1912 1451 2112 1509 multitudinem
2136 1453 2223 1511 misc·

596 1560 658 1610 suut
670 1550 697 1604 iu
711 1549 809 1612 antima,
822 1555 849 1601 ot
866 1543 1036 1599 cotuaminati
1060 1542 1087 1596 in
1105 1539 1232 1612 operibus
1254 1539 1319 1594 suis.
1348 1536 1382 1593 lit
1432 1536 1554 1592 ricorde
1577 1553 1643 1594 succ.
1662 1558 1672 1594 t
1693 1539 1815 1596 Petriruit
1833 1542 2000 1610 dictumest,
2024 1544 2085 1615 quia
2106 1552 2224 1604 mutsrtt

597 1642 714 1715 fonticoti
728 1648 786 1694 suut
798 1639 825 1692 iu
838 1635 1053 1691 adintentionibus
1067 1633 1129 1688 suis.
1152 1631 1206 1688 iias
1222 1631 1287 1687 dicit
1306 1630 1382 1686 adin·
1420 1629 1501 1700 ¹quod
1513 1631 1721 1700 eosperdituros
1730 1634 1879 1691 videbatur.
1890 1634 1925 1691 Et
1936 1636 2005 1707 apud
2015 1637 2098 1693 licum
2109 1638 2222 1710 quidem

597 1734 745 1796 tentiones,
766 1744 832 1801 quas
845 1728 930 1785 Graeci
950 1731 1128 1795 Ιπιτηδιὺματα
1149 1724 1283 1794 appeliant
1296 1740 1303 1776 ε
1318 1736 1380 1778 nam
1431 1721 1560 1793 disposita
1572 1732 1600 1780 et
1620 1724 1672 1780 lixa
1686 1735 1750 1782 sunt
1767 1729 1874 1794 omnia;
1897 1743 1947 1786 nec
1967 1729 2037 1786 aliud
2056 1729 2123 1788 iacit
2141 1733 2221 1804 quusi

597 1827 648 1882 boc
660 1824 769 1878 verbnm
781 1831 821 1877 est
835 1822 862 1875 in
886 1818 1021 1875 codicibus
1038 1817 1133 1888 graccis
1152 1823 1180 1871 et
1191 1815 1242 1871 boc
1263 1814 1332 1880 luco,
1354 1821 1382 1868 ct
1431 1814 1544 1871 oonsilio
1557 1818 1710 1887 repentino,
1723 1819 1799 1899 quod·
1812 1834 1867 1876 non
1880 1833 1914 1876 cx
1927 1822 2075 1879 aeternitate
2086 1836 2118 1880 se
2131 1823 2220 1881 lactu·

596 1914 729 1986 superius,
743 1913 789 1967 ubi
803 1912 901 1967 dictum
913 1918 965 1973 est,
979 1907 1212 1964 irritoueruuteum
1223 1906 1249 1959 iu
1262 1904 1384 1986 adinum-¹
1431 1922 1491 1963 rum
1511 1923 1572 1966 esse
1592 1911 1726 1980 prescivit
1741 1930 1749 1968 :
1762 1913 1811 1969 sed
1835 1915 2005 1971 incrustare
2023 1917 2222 1989 temporalibus

597 2008 705 2065 tionibus
714 2007 786 2071 ruis,·
801 2019 859 2060 cum
874 2011 901 2059 ot
914 2002 969 2058 illic
981 2010 1007 2058 et
1021 2001 1064 2055 bic
1076 2015 1122 2056 cas
1134 1999 1205 2056 dicat
1216 1997 1381 2061 adinventio·
1431 1999 1558 2068 motibus,
1574 2017 1654 2073 quam
1668 2004 1798 2075 putuerunt
1815 2006 1983 2073 mirabiliter,
2005 2008 2062 2080 ipse
2073 2024 2131 2067 noa
2150 2017 2222 2067 tenu.

597 2114 656 2163 nes,
671 2099 696 2152 in
707 2097 801 2167 quibus
812 2095 879 2149 alios
891 2093 985 2148 imitati
998 2100 1069 2148 sunt.
1080 2090 1138 2146 Non
1149 2089 1284 2159 itaquesic
1296 2087 1381 2143 dictas
1433 2090 1558 2158 puralitcr
1581 2101 1685 2160 mutus,
1705 2095 1780 2164 quasi
1809 2097 1946 2166 repentina
1967 2098 2105 2156 voluntate
2131 2100 2236 2175 tacere

597 2188 757 2243 arbitremur
767 2184 979 2249 adinventiones,
1001 2181 1075 2253 quasi
1093 2181 1127 2236 ab
1148 2180 1213 2250 ipsis
1237 2179 1394 2249 institutas„
1431 2179 1527 2238 dicitur
1541 2183 1611 2252 quod
1621 2185 1750 2242 ordinatis
1773 2202 1861 2243 rerum
1880 2189 1968 2245 causis
1981 2190 2085 2246 consilii
2110 2192 2152 2247 sui
2176 2206 2221 2249 sc·

597 2281 671 2336 nulio
683 2281 709 2335 iu
727 2279 786 2333 aliis
798 2277 967 2348 praecedente
978 2275 1047 2345 quod
1061 2275 1229 2330 imitarentur
1247 2273 1379 2341 exempto.
1431 2272 1802 2334 cretissim'timmutabilitate
1811 2277 1953 2346 disposuit,
1968 2294 2022 2349 puta
2037 2280 2094 2338 suia
2106 2297 2221 2354 qunque

597 2371 674 2428 Unde
684 2371 729 2425 alii
741 2371 899 2439 interpretes
912 2367 1005 2432 nostri,
1031 2381 1084 2421 non
1098 2365 1308 2430 adinventiones,
1332 2362 1379 2419 sed
1432 2366 1595 2434 temporibus
1604 2367 1702 2438 agnita,
1713 2377 1740 2423 et
1753 2370 1890 2437 presentia
1908 2370 1971 2426 lacit
1985 2371 2006 2438 ¹,
2019 2379 2048 2427 et
2063 2371 2151 2428 lutura
2162 2373 2220 2443 jam

597 2461 702 2528 studia;
716 2460 759 2517 alii
772 2474 835 2515 uero
844 2459 1008 2522 affectiones,
1023 2456 1066 2513 vel
1078 2455 1270 2522 affectationes,
1279 2454 1323 2509 atii
1334 2468 1380 2508 vo-
1431 2453 1504 2511 tecit.
1520 2455 1555 2512 Et
1566 2455 1598 2512 ad
1609 2456 1666 2513 baro
1678 2459 1737 2528 quvis
1748 2458 1871 2515 idoneus?
1885 2459 2031 2517 Audiamus
2043 2461 2133 2533 itaque
2144 2462 2219 2520 Scri·-

597 2555 711 2624 lnptates
724 2552 812 2608 dicore
825 2552 973 2605 maluerunt
986 2566 994 2602 r
1007 2556 1035 2604 et
1045 2547 1124 2603 iidem
1138 2546 1189 2617 ipsi
1199 2546 1243 2617 qui
1256 2544 1381 2601 dixerunt
1431 2554 1548 2617 pteram,
1563 2547 1698 2605 humiliter
1709 2550 1813 2607 excelsa
1827 2534 1970 2617 dicentem,
1985 2568 2047 2609 cum
2061 2563 2089 2610 et
2101 2556 2220 2626 part-ulis

597 2646 807 2707 adinventiones,
822 2644 875 2698 olio
886 2643 946 2697 loco
958 2640 1044 2697 studia
1068 2648 1222 2711 posuerunt.
1244 2639 1382 2695 ltoccom-
1431 2638 1581 2696 nutriendis
1590 2641 1717 2698 sumenda
1730 2643 1851 2714 porrigit,
1863 2646 2044 2716 etmajoribos
2057 2648 2220 2705 exercendis

597 2753 747 2794 memorare
757 2736 839 2799 uolui,
856 2750 890 2791 nc
901 2734 1073 2805 questionem
1085 2733 1185 2789 taceret
1198 2747 1295 2788 nomen
1305 2731 1381 2788 adiu·
1431 2731 1623 2798 perscrutanda
1631 2734 1765 2805 proponit.
1780 2733 1815 2789 Et
1823 2720 1888 2791 uidit
1894 2753 1952 2792 cum
1964 2737 2154 2806 tribularentur,
2161 2756 2220 2795 cum

596 2829 730 2886 uentionis
751 2832 776 2884 iu
797 2844 828 2884 ea
847 2843 887 2894 re,
912 2842 989 2899 quom
1003 2841 1056 2881 non
1076 2841 1092 2881 a
1105 2822 1200 2897 seipsis
1213 2825 1380 2897 excogitare·
1430 2822 1529 2878 uudiret
1540 2825 1677 2879 motionem
1689 2843 1775 2882 eorum
1785 2845 1795 2894 ,·
1805 2839 1829 2883 et
1842 2845 1937 2884 memor
1946 2831 1993 2900 tuit
2005 2832 2145 2887 immenti
2160 2834 2204 2888 sui
2210 2849 2219 2888 s

596 2933 668 2988 runt,
682 2922 803 2978 sedatius
813 2920 906 2976 tmimti
922 2927 994 2975 sunt.
1432 2913 1524 2984 utique
1537 2917 1687 2972 testamenti
1698 2918 1790 2974 {etcum
1804 2920 1871 2989 puod
1884 2921 2008 2992 disposuit
2030 2921 2065 2976 ud
2079 2921 2219 2987 atreum.
2276 2984 2284 2993 ,

633 3007 677 3072 32}
689 3015 764 3088 [oeta
777 3010 894 3084 tuus]
910 3010 945 3066 Et
956 3012 1036 3066 iratur
1051 3020 1087 3066 est
1100 3015 1186 3083 {urere
1207 3009 1330 3065 bouvines
1353 3009 1380 3065 iu
1431 3019 1484 3060 uon
1495 3006 1593 3062 veteris
1606 3007 1676 3078 quod
1696 3007 1825 3076 aboletur,
1851 3010 1899 3066 sed
1921 3012 1983 3066 boui
1997 3011 2067 3083 mrod
2086 3013 2170 3070 etium
2192 3015 2219 3071 in

598 3110 720 3181 poputum
733 3122 817 3161 suoru.
835 3103 982 3159 doluerunt
995 3102 1101 3173 putidam
1116 3103 1273 3173 interpretes
1295 3101 1380 3157 nostri
1430 3103 1522 3169 vetere
1536 3098 1717 3154 absconditur.
1731 3097 1766 3183 lit
1776 3101 1891 3172 poenituit
1904 3118 1963 3156 eum
1976 3104 2113 3160 mudum
2131 3107 2219 3161 mutti-

597 3203 663 3257 iram
685 3213 793 3269 ponere,
816 3195 841 3250 in
860 3209 893 3251 eo
912 3193 982 3264 quod
1006 3208 1109 3265 prauus
1130 3192 1210 3248 babet
1229 3201 1318 3260 cupa:
1332 3192 1379 3248 scd
1431 3187 1544 3244 tudinem
1552 3190 1730 3246 misericordie
1741 3208 1804 3247 uuoe.
1816 3192 1871 3248 lloc
1881 3191 1945 3249 lecit
1957 3193 2029 3264 quod
2037 3194 2218 3267 disposuerat,

596 3293 702 3361 quidam
717 3295 861 3360 posuerunt
873 3293 1003 3348 moutem;
1017 3286 1123 3357 quidam
1141 3300 1205 3340 vero
1223 3283 1382 3355 indignatio·
1430 3279 1479 3335 scd
1491 3272 1673 3337 contribulatis
1686 3291 1713 3338 et
1724 3283 1862 3340 orantibus
1873 3298 1903 3340 se
1917 3284 1945 3340 id
1954 3299 2143 3343 concessurum
2157 3303 2218 3345 esua

597 3400 671 3451 uem,
687 3382 793 3453 quidam
821 3380 938 3435 ausimum
964 3379 1127 3449 interpretati
1148 3387 1220 3434 suut.
1235 3376 1377 3445 Quodlibet
1431 3375 1618 3444 praesciveratr
1637 3374 1699 3445 quia
1711 3376 1806 3445 etipsa
1821 3378 1907 3433 oratio
1920 3392 2025 3446 eorum,
2051 3395 2112 3436 cum
2128 3380 2218 3438 adbuc

597 3486 685 3532 autem
698 3475 792 3530 horum
805 3472 917 3536 dicatur,
926 3469 1088 3542 perturbatio
1099 3485 1154 3539 pon
1163 3469 1233 3526 cadit
1245 3469 1378 3535 inurum3
1431 3479 1485 3519 nou
1499 3464 1580 3532 esset,
1595 3464 1644 3521 sed
1656 3464 1745 3521 lutura
1756 3475 1838 3535 esset,
1862 3468 1946 3524 Deum
1967 3469 2058 3540 procul
2070 3469 2154 3527 dubio
2163 3486 2218 3529 uun

560 3544 563 3551 ⁸
597 3567 646 3623 scd
668 3566 701 3621 dc
723 3564 912 3620 consttetudine
926 3563 1091 3625 translatum,
1108 3561 1222 3631 potentia
1230 3556 1379 3615 vindicandi
1430 3556 1538 3612 latebat.

596 3658 647 3712 boc
659 3670 755 3710 nomeu
769 3655 880 3723 accepit.
1465 3648 1510 3704 36.
1530 3646 1604 3721 [uera
1617 3649 1674 3724 tc]
1694 3650 1726 3705 Et
1741 3652 1809 3706 dedit
1822 3669 1864 3708 eos
1876 3653 1903 3708 itt
1917 3656 2109 3712 misericordius.
2121 3657 2160 3715 Ut
2171 3674 2217 3717 es·

631 3748 676 3803 δδ.
705 3745 763 3799 ‹Et
782 3744 948 3798 abominatus
970 3750 1011 3796 est
1031 3738 1214 3795 hereditatem
1233 3754 1318 3794 suam.
1346 3741 1381 3796 Et
1430 3746 1553 3793 setttuuu
1566 3754 1629 3794 uasa
1642 3740 1705 3807 irre,
1719 3741 1765 3797 scd
1778 3757 1839 3797 vasa
1854 3744 2041 3802 misericordias
2057 3746 2156 3819 (uum.
2170 3766 2215 3819 rx,

595 3838 703 3895 tradidit
714 3852 761 3893 cus
774 3839 800 3890 in
815 3849 908 3890 manus
922 3834 1058 3896 Gentium,
1082 3842 1109 3887 et
1123 3831 1250 3887 dominati
1261 3843 1321 3888 sunt
1331 3847 1379 3887 eo-
1429 3828 1474 3891 22.
1490 3829 1546 3903 23).
1562 3831 1624 3888 ideo
1638 3841 1726 3889 auteur
1740 3843 1803 3904 puto
1817 3835 1953 3906 pluraliter
1967 3840 2164 3899 misericordias
2174 3842 2216 3899 di·

596 3946 655 3985 rum
669 3928 713 3998 qui
723 3907 841 3982 'niteram
867 3940 913 3981 cos
930 3943 937 3978 :
963 3933 990 3978 ct
1005 3923 1196 3979 tribulaverunt
1218 3937 1265 3980 erus
1278 3924 1379 3980 inimici
1429 3931 1506 3989 ctas,
1529 3922 1554 3976 iu
1569 3938 1635 3994 quas
1645 3939 1692 3981 eos
1704 3925 1796 3992 dedit,
1811 3927 1871 3996 quia
1886 3929 2067 4002 unusquisqne
2078 3935 2215 4005 proprium

593 4035 699 4084 eorum,
708 4027 735 4073 et
748 4016 875 4070 lrttmiliati
891 4024 952 4069 stunt
961 4013 1011 4068 sub
1022 4014 1143 4068 manilius
1152 4029 1254 4068 eorum.
1269 4013 1378 4082 »Quan-
1429 4013 1527 4071 donum
1541 4015 1621 4072 babet
1634 4030 1649 4070 a
1661 4016 1725 4085 Deo,
1741 4018 1808 4073 alius
1822 4019 1871 4085 sic,
1886 4020 1953 4077 atius
1966 4029 2054 4079 auum
2068 4024 2108 4080 sic
2118 4023 2141 4096 (Ι
2154 4025 2215 4083 Gor.

592 4113 631 4169 ((0
640 4127 687 4168 003
698 4109 877 4164 munitatem
888 4107 934 4161 [toi
947 4106 1060 4170 uocauit,
1072 4105 1238 4160 mattilestum
1252 4105 1378 4176 estquod
1429 4114 1483 4171 uu,
1498 4105 1544 4176 il.
1560 4105 1634 4162 Dedit
1644 4124 1710 4177 erpo
1720 4125 1762 4163 eur
1781 4110 1807 4163 in
1828 4111 2026 4183 misericordius,
2039 4116 2066 4170 itt
2080 4130 2215 4188 compertu

594 4221 649 4260 non
662 4203 696 4259 ad
709 4202 897 4273 perditionem,
922 4198 970 4254 sed
981 4197 1014 4253 ad
1029 4198 1195 4268 disciplinam
1210 4215 1256 4255 eos
1273 4199 1378 4254 abomi-
1429 4199 1539 4253 munium
1551 4199 1593 4269 qui
1607 4210 1722 4270 cepermu
1735 4217 1785 4255 eor.
1801 4203 1856 4272 ape
1871 4219 1957 4269 nunc,
1970 4205 2089 4276 ortisquis
2102 4206 2163 4265 brec
2175 4211 2215 4266 le·

594 4307 673 4353 ruatns
687 4305 739 4359 cst,
755 4304 781 4348 et
795 4292 900 4348 tradidit
913 4291 940 4346 in
956 4306 1050 4347 manus
1064 4290 1243 4348 inimicorum.
1260 4292 1378 4363 Denique
1429 4289 1479 4359 git,
1495 4298 1522 4347 el
1535 4291 1646 4360 gratiam
1660 4291 1717 4355 Dei·
1732 4306 1783 4361 qua
1797 4293 1822 4346 ΙΙΙ
1837 4302 1963 4349 ‘filetum
1974 4295 2054 4352 illam
2065 4312 2113 4368 1¹0¹·
2126 4298 2227 4357 ΜΡ

592 4387 713 4456 sequntur
727 4402 734 4438 :
751 4382 826 4453 sirpe
839 4381 950 4436 liberauit
960 4397 1012 4435 eos.
1429 4396 1492 4436 uum
1508 4390 1626 4436 nostrum
1639 4381 1728 4437 iesum
1739 4382 1873 4439 Cturistum
1883 4385 2049 4454 redimimur,
2063 4389 2177 4462 rupendo
2188 4393 2214 4448 iu

628 4480 672 4535 bt.
688 4476 744 4548 lpsi
763 4485 845 4530 notem
859 4473 1071 4528 esucmbooeruut·
1086 4488 1143 4527 eunt
1154 4474 1181 4526 iu
1202 4473 1306 4528 consitio
1319 4489 1376 4530 suo.
1428 4473 1581 4540 apostolicis
1599 4471 1722 4538 Litteris,
1746 4473 1772 4529 in
1793 4475 1954 4544 propheticis
1968 4488 2056 4536 autem
2071 4485 2216 4542 scruunda

593 4570 650 4627 1100
665 4579 705 4626 031
728 4567 797 4638 qumi
813 4567 933 4636 superius
952 4566 998 4631 ait,
1024 4564 1084 4619 Nou
1108 4566 1279 4619 nutiaberunt
1295 4566 1377 4620 consi·
1428 4563 1577 4630 cognoscis,
1590 4572 1617 4619 et
1629 4563 1710 4619 Vetus
1721 4564 1917 4623 Testamentum
1931 4569 1957 4624 iu
1970 4570 2043 4629 Novo
2054 4575 2213 4640 revelatum.

593 4664 656 4718 Ham
671 4663 734 4730 ψη,
750 4658 927 4714 merosum
942 4667 1029 4710 amem
1045 4665 1086 4711 ος(
1108 4656 1245 4712 consutum
1262 4657 1377 4712 {nominis
1428 4654 1454 4706 in
1469 4651 1566 4709 Vetere
1577 4653 1679 4708 Nurum
1692 4655 1806 4710 velatum
1820 4657 1909 4725 vides;
1925 4662 2013 4717 recole
2025 4680 2104 4735 qutem
2113 4665 2215 4725 dixerit

593 4752 643 4821 ipsi
662 4749 774 4810 homini,
795 4764 848 4816 orto
862 4762 892 4801 ea
907 4748 1001 4816 putarit
1015 4762 1074 4815 quum
1089 4761 1137 4802 sua
1157 4757 1295 4809 suntuna
1315 4763 1376 4819 quaa
1428 4744 1563 4815 apostolus
1578 4746 1675 4801 Paulus
1690 4748 1835 4818 principum
1851 4754 1987 4819 potestatis
2000 4757 2080 4823 aeris,
2094 4760 2139 4828 utri
2151 4777 2214 4830 ope-

593 4843 640 4898 lici
652 4851 714 4894 sum
723 4838 849 4908 (Philipp.
866 4853 894 4899 u,
908 4836 965 4906 il).
985 4835 1013 4889 ln
1026 4837 1101 4905 cuijus
1116 4837 1290 4905 hereditates
1304 4839 1375 4909 quod
1426 4846 1498 4890 satur
1509 4836 1535 4890 in
1547 4836 1607 4905 filiis
1617 4837 1772 4904 infidelitatis
1785 4838 1892 4911 (Epitra.
1906 4859 1935 4903 u,
1948 4844 1988 4914 Ξ),
2002 4857 2027 4901 ct
2042 4847 2106 4905 illud
2121 4852 2166 4907 ubi
2177 4854 2214 4909 ait

592 4930 651 5000 lpse
664 4928 740 4983 nobis
754 4935 806 4990 cst,
827 4941 886 4980 cnm
898 4924 931 4979 ad
943 4924 1080 4979 fruendum
1103 4941 1132 4980 se
1152 4928 1271 4996 praebere
1283 4929 1375 5000 digua·
1426 4927 1461 4982 dc
1472 4927 1646 4998 quibusdam.
1660 4939 1688 4984 ΙΙΙ
1700 4932 1846 5001 mummii
1858 4934 1889 4987 ‘¹⁶
1905 4936 1999 4991 diaboli
2010 4938 2115 5006 ¹th
2129 4944 2214 5017 cupti-

590 5029 646 5083 iur,
659 5020 747 5075 trullas
760 5019 960 5089 patremmeum
974 5017 1072 5071 sanctis
1085 5018 1218 5074 societatis
1228 5023 1372 5093 augustias,
1426 5022 1477 5076 uoti
1490 5021 1521 5076 ab
1535 5023 1591 5093 ipso
1603 5025 1737 5079 secuudum
1752 5027 1830 5097 ipsius
1844 5029 1996 5087 uoluntatem
2021 5033 2063 5105 (ΙΙ
2083 5035 2153 5094 Tim.
2176 5057 2212 5105 rt,

591 5112 734 5169 dilcctioue
755 5111 793 5166 roi
815 5120 912 5165 nostrae
935 5109 1009 5181 qrrasi
1030 5110 1148 5180 privatae.
1177 5110 1373 5170 Gloriosissima
1425 5110 1471 5176 2⁶)
1485 5127 1492 5166 ἓ
1504 5121 1531 5167 0²
1542 5112 1622 5169 verba
1636 5114 1739 5170 Domini
1751 5115 1814 5172 12⁸¹!
1825 5117 1932 5182 Christi·
1945 5122 1988 5177 ubi
2002 5139 2062 5180 eum
2074 5130 2214 5198 expellens

511 5214 513 5218 ’
590 5200 955 5276 ‹ptrippeillacivitasadcpta
973 5199 1373 5271 promissombmreditatem,in
1425 5199 1460 5257 dc
1474 5201 1591 5258 fidelium
1604 5203 1728 5260 cordibus
1741 5208 1787 5270 ait,
1803 5201 1878 5263 Nunc
1892 5211 2008 5281 princeps
2027 5217 2105 5287 ttujuu
2123 5224 2214 5278 muudi

590 5311 641 5370 qna
654 5295 741 5351 nullus
752 5295 889 5359 morietur,
904 5294 991 5349 nullus
1004 5293 1115 5359 orietur,
1139 5309 1193 5350 non
1212 5294 1318 5353 babebit
1331 5298 1373 5353 oi·
1425 5295 1515 5351 mittut
1528 5304 1565 5351 eut
1579 5296 1745 5367 forestium.
1758 5315 1804 5365 ¹¹¹,
1820 5300 1876 5370 bt);
1890 5312 1918 5357 et
1931 5304 2012 5374 ipsius
2025 5307 2115 5364 itidem
2141 5312 2214 5384 Apo·

589 5402 636 5445 res
647 5385 692 5458 qni
702 5385 797 5456 singuli
817 5384 946 5454 paridoant
966 5385 1021 5440 suis
1040 5385 1128 5448 rebus,
1155 5386 1215 5454 ouria
1236 5386 1304 5443 bons
1322 5389 1374 5445 erit
1425 5387 1487 5443 stoli
1499 5388 1620 5450 dicentis,
1631 5388 1680 5455 Qui
1694 5391 1757 5444 eruit
1770 5408 1815 5446 uos
1825 5393 1856 5446 de
1868 5404 1989 5462 potestate
2003 5399 2172 5467 tenebrarum,
2188 5415 2213 5462 et

589 5478 678 5535 omnia
690 5477 716 5531 in
729 5477 851 5531 omnibus
866 5474 887 5545 (Ι
899 5476 957 5528 Cor.
971 5491 1016 5538 xv,
1037 5474 1095 5543 ᾗ).
1115 5476 1195 5546 cujus
1218 5479 1371 5535 sociotatem
1405 5496 1407 5504 ·
1424 5480 1552 5534 transtulit
1563 5481 1588 5534 irr
1601 5497 1705 5572 reprom
1718 5481 1779 5537 Filii
1793 5485 1985 5543 ciroritotiusuo·
1996 5488 2105 5561 (erton,
2120 5511 2141 5561 r,
2156 5496 2211 5571 ta).

590 5572 710 5644 quisquis
721 5570 747 5625 in
762 5570 811 5624 boc
829 5568 1039 5638 peregrinatione
1061 5567 1174 5624 fideliter
1187 5578 1212 5625 ct
1231 5569 1372 5642 flagranter
1426 5570 1488 5626 llmc
1499 5582 1578 5641 atque
1592 5571 1742 5640 lrujrrsmodi
1763 5575 1949 5644 ratiocinatus,
1966 5581 2073 5638 intende
2090 5588 2212 5646 animum

589 5663 788 5729 desideraverit,
800 5661 929 5717 assttcscit
946 5660 1056 5730 privatis
1071 5660 1196 5730 prolerre
1206 5667 1368 5732 communia,
1424 5670 1452 5718 ct
1465 5663 1492 5717 in
1506 5662 1606 5717 litteras
1620 5663 1723 5720 l'etcris
1737 5665 1909 5733 Testamenti,
1925 5681 1952 5726 ot
1965 5672 2025 5729 vide
2038 5676 2102 5746 uuid
2116 5690 2212 5737 nute-

589 5771 642 5813 non
666 5771 712 5811 sua
734 5753 886 5825 querendo,
901 5751 947 5807 sed
969 5766 1028 5822 qoae
1049 5751 1112 5807 lesu
1133 5753 1229 5819 curisti
1245 5774 1251 5809 :
1266 5772 1300 5813 ne
1320 5759 1370 5814 situ
1424 5762 1466 5809 tur
1480 5754 1505 5808 iu
1517 5769 1549 5808 eo
1562 5752 1664 5824 psalmo
1675 5755 1750 5825 eutius
1761 5766 1801 5812 est
1813 5758 1914 5825 titulus,
1927 5751 2034 5828 Quando
2046 5766 2137 5825 domus
2148 5773 2213 5827 oedi·

589 5847 695 5917 sapiens
709 5854 737 5902 ep
752 5845 802 5902 sipi
816 5844 967 5906 consulens,
989 5842 1130 5899 exacerbet
1153 5844 1235 5899 Deum
1258 5847 1371 5902 consitio
1424 5847 1547 5916 mutatur
1561 5856 1616 5918 post
1630 5847 1796 5918 captiuitatem
1810 5867 1820 5904 .·
1836 5851 1871 5906 ibi
1892 5853 1962 5908 enim
1977 5854 2083 5927 dicitur,
2104 5858 2212 5920 Gmtatu

589 5950 654 6003 „03
669 5936 716 5992 sep
731 5951 840 6007 spemn,
855 5934 924 6006 quod
940 5948 992 5990 „011
1004 5932 1086 5999 vium,
1098 5950 1150 5990 non
1166 5934 1314 5995 restinctos
1328 5938 1371 5994 his
1424 5935 1532 5990 Domino
1544 5938 1669 5991 canticum
1683 5955 1782 5993 tonum.
1805 5941 1839 5995 Et
1857 5957 1891 5997 ne
1910 5944 2044 6002 existimes
2065 5951 2100 6004 ad
2117 5950 2211 6009 duda-

589 6038 649 6094 quae
659 6025 783 6082 videntur
796 6028 851 6084 lieri
862 6027 966 6092 beatus,
979 6035 1058 6098 atque
1073 6026 1135 6082 illud
1158 6038 1285 6085 eternum
1299 6031 1369 6100 quod
1423 6043 1499 6085 orum
1512 6029 1636 6100 populum
1656 6031 1837 6087 tautummodo
1856 6036 1987 6103 pertinere
2003 6055 2009 6092 :
2030 6038 2152 6110 aarum
2167 6043 2211 6103 in·

589 6127 643 6171 nou
657 6114 760 6171 ridetur
774 6118 902 6187 potientur
915 6124 1081 6193 exspectaus,
1103 6116 1160 6188 ejus
1172 6117 1197 6173 in
1210 6119 1365 6189 promissio·
1405 6181 1410 6188 ,
1456 6131 1513 6181 ¹stc
1524 6138 1576 6182 uss.
1587 6138 1613 6181 tt
1625 6131 1690 6193 edd,
1703 6131 1783 6196 aprum
1794 6133 1852 6197 opit,
1866 6134 1900 6186 ito
1911 6142 1933 6186 et
1944 6138 2147 6205 mooetuusueit.
