<?xml version="1.0" encoding="UTF-8"?>
<!DOCTYPE html PUBLIC "-//W3C//DTD XHTML 1.0 Transitional//EN"
    "http://www.w3.org/TR/xhtml1/DTD/xhtml1-transitional.dtd">
<html xmlns="http://www.w3.org/1999/xhtml" xml:lang="en" lang="en">
 <head>
  <title>
</title>
<meta http-equiv="Content-Type" content="text/html;charset=utf-8" />
  <meta name='ocr-system' content='tesseract 3.04.00' />
  <meta name='ocr-capabilities' content='ocr_page ocr_carea ocr_par ocr_line ocrx_word'/>
</head>
<body>
  <div class='ocr_page' id='page_1' title='image "./patrologiaecurs50migngoog_0092.png"; bbox 0 0 5400 7059; ppageno 0'>
   <div class='ocr_carea' id='block_1_1' title="bbox 509 894 1346 3520">
    <p class='ocr_par' dir='ltr' id='par_1_1' title="bbox 509 894 1345 1703">
     <span class='ocr_line' id='line_1_1' title="bbox 552 894 1341 988; baseline -0.025 -22"><span class='ocrx_word' id='word_1_1' title='bbox 552 912 719 988; x_wconf 75' lang='lat' dir='ltr'><strong>iniquitatem,</strong></span> <span class='ocrx_word' id='word_1_2' title='bbox 733 909 785 964; x_wconf 87' lang='lat' dir='ltr'><strong>odit</strong></span> <span class='ocrx_word' id='word_1_3' title='bbox 796 906 906 960; x_wconf 83' lang='lat' dir='ltr'><strong>unimam</strong></span> <span class='ocrx_word' id='word_1_4' title='bbox 919 917 990 955; x_wconf 81' lang='lat' dir='ltr'><strong>mom</strong></span> <span class='ocrx_word' id='word_1_5' title='bbox 1004 896 1089 970; x_wconf 71' lang='lat' dir='ltr'><strong>(eut.</strong></span> <span class='ocrx_word' id='word_1_6' title='bbox 1105 913 1134 962; x_wconf 84' lang='grc' dir='ltr'>ι,</span> <span class='ocrx_word' id='word_1_7' title='bbox 1148 894 1188 963; x_wconf 86' lang='grc'><strong>6).</strong></span> <span class='ocrx_word' id='word_1_8' title='bbox 1204 894 1236 950; x_wconf 85' lang='lat' dir='ltr'><strong>Et</strong></span> <span class='ocrx_word' id='word_1_9' title='bbox 1250 905 1341 948; x_wconf 79' lang='lat' dir='ltr'><strong>revera</strong></span> 
     </span>
     <span class='ocr_line' id='line_1_2' title="bbox 553 988 1343 1070; baseline -0.035 -6"><span class='ocrx_word' id='word_1_10' title='bbox 553 1008 667 1065; x_wconf 88' lang='lat' dir='ltr'><strong>muitum</strong></span> <span class='ocrx_word' id='word_1_11' title='bbox 689 1011 778 1061; x_wconf 87' lang='lat' dir='ltr'><strong>errant</strong></span> <span class='ocrx_word' id='word_1_12' title='bbox 799 996 921 1053; x_wconf 85' lang='lat' dir='ltr'><strong>homines</strong></span> <span class='ocrx_word' id='word_1_13' title='bbox 934 995 977 1064; x_wconf 92' lang='lat' dir='ltr'><strong>qui</strong></span> <span class='ocrx_word' id='word_1_14' title='bbox 993 998 1086 1062; x_wconf 89' lang='lat' dir='ltr'><strong>putant</strong></span> <span class='ocrx_word' id='word_1_15' title='bbox 1099 988 1254 1059; x_wconf 83' lang='lat' dir='ltr'><strong>injustitiam</strong></span> <span class='ocrx_word' id='word_1_16' title='bbox 1268 999 1343 1070; x_wconf 85' lang='lat' dir='ltr'><strong>snam</strong></span> 
     </span>
     <span class='ocr_line' id='line_1_3' title="bbox 554 1075 1344 1159; baseline -0.034 -3"><span class='ocrx_word' id='word_1_17' title='bbox 554 1099 614 1156; x_wconf 77' lang='lat' dir='ltr'><strong>ullis</strong></span> <span class='ocrx_word' id='word_1_18' title='bbox 626 1110 733 1159; x_wconf 87' lang='lat' dir='ltr'><strong>nocere,</strong></span> <span class='ocrx_word' id='word_1_19' title='bbox 746 1101 772 1147; x_wconf 86' lang='lat' dir='ltr'><strong>et</strong></span> <span class='ocrx_word' id='word_1_20' title='bbox 785 1090 836 1146; x_wconf 88' lang='lat' dir='ltr'><strong>sibl</strong></span> <span class='ocrx_word' id='word_1_21' title='bbox 850 1103 902 1142; x_wconf 90' lang='lat' dir='ltr'><strong>non</strong></span> <span class='ocrx_word' id='word_1_22' title='bbox 915 1100 1022 1141; x_wconf 85' lang='lat' dir='ltr'><strong>nocere.</strong></span> <span class='ocrx_word' id='word_1_23' title='bbox 1035 1082 1075 1137; x_wconf 82' lang='lat' dir='ltr'><strong>nd</strong></span> <span class='ocrx_word' id='word_1_24' title='bbox 1087 1081 1154 1136; x_wconf 87' lang='lat' dir='ltr'><strong>alios</strong></span> <span class='ocrx_word' id='word_1_25' title='bbox 1165 1077 1284 1150; x_wconf 78' lang='lat' dir='ltr'><strong>procedit</strong></span> <span class='ocrx_word' id='word_1_26' title='bbox 1294 1075 1344 1131; x_wconf 90' lang='lat' dir='ltr'><strong>ini·</strong></span> 
     </span>
     <span class='ocr_line' id='line_1_4' title="bbox 509 1166 1344 1259; baseline -0.034 -13"><span class='ocrx_word' id='word_1_27' title='bbox 509 1192 511 1197; x_wconf 85' lang='lat'>&#39;</span> <span class='ocrx_word' id='word_1_28' title='bbox 536 1189 643 1259; x_wconf 79' lang='lat' dir='ltr'><strong>‘quitos</strong></span> <span class='ocrx_word' id='word_1_29' title='bbox 666 1181 825 1253; x_wconf 80' lang='lat' dir='ltr'><strong>cujuslibet,</strong></span> <span class='ocrx_word' id='word_1_30' title='bbox 841 1188 869 1233; x_wconf 93' lang='lat' dir='ltr'><strong>ut</strong></span> <span class='ocrx_word' id='word_1_31' title='bbox 881 1175 986 1246; x_wconf 76' lang='lat' dir='ltr'><strong>corpori</strong></span> <span class='ocrx_word' id='word_1_32' title='bbox 1001 1181 1103 1239; x_wconf 86' lang='lat' dir='ltr'><strong>noceat,</strong></span> <span class='ocrx_word' id='word_1_33' title='bbox 1115 1180 1146 1224; x_wconf 93' lang='lat' dir='ltr'><strong>nt</strong></span> <span class='ocrx_word' id='word_1_34' title='bbox 1159 1183 1217 1225; x_wconf 88' lang='lat' dir='ltr'><strong>rem</strong></span> <span class='ocrx_word' id='word_1_35' title='bbox 1230 1166 1344 1222; x_wconf 79' lang='lat' dir='ltr'><strong>familia·</strong></span> 
     </span>
     <span class='ocr_line' id='line_1_5' title="bbox 553 1259 1342 1339; baseline -0.03 -4"><span class='ocrx_word' id='word_1_36' title='bbox 553 1293 610 1335; x_wconf 86' lang='lat' dir='ltr'><strong>rem</strong></span> <span class='ocrx_word' id='word_1_37' title='bbox 624 1277 710 1339; x_wconf 83' lang='lat' dir='ltr'><strong>laedat,</strong></span> <span class='ocrx_word' id='word_1_38' title='bbox 727 1281 756 1328; x_wconf 91' lang='lat' dir='ltr'><strong>ut</strong></span> <span class='ocrx_word' id='word_1_39' title='bbox 770 1272 859 1326; x_wconf 81' lang='lat' dir='ltr'><strong>villam</strong></span> <span class='ocrx_word' id='word_1_40' title='bbox 873 1267 988 1330; x_wconf 83' lang='lat' dir='ltr'><strong>invadat,</strong></span> <span class='ocrx_word' id='word_1_41' title='bbox 1005 1275 1032 1319; x_wconf 91' lang='lat' dir='ltr'><strong>ut</strong></span> <span class='ocrx_word' id='word_1_42' title='bbox 1047 1262 1206 1332; x_wconf 80' lang='lat' dir='ltr'>mancipium</span> <span class='ocrx_word' id='word_1_43' title='bbox 1219 1259 1342 1323; x_wconf 83' lang='lat' dir='ltr'><strong>abducat,</strong></span> 
     </span>
     <span class='ocr_line' id='line_1_6' title="bbox 553 1347 1344 1426; baseline -0.025 -4"><span class='ocrx_word' id='word_1_44' title='bbox 553 1374 584 1422; x_wconf 91' lang='lat' dir='ltr'><strong>ut</strong></span> <span class='ocrx_word' id='word_1_45' title='bbox 604 1379 696 1419; x_wconf 80' lang='lat' dir='ltr'><strong>nitrum</strong></span> <span class='ocrx_word' id='word_1_46' title='bbox 719 1360 836 1424; x_wconf 87' lang='lat' dir='ltr'><strong>aulerat,</strong></span> <span class='ocrx_word' id='word_1_47' title='bbox 857 1366 902 1412; x_wconf 87' lang='lat' dir='ltr'><strong>aut</strong></span> <span class='ocrx_word' id='word_1_48' title='bbox 922 1364 1072 1426; x_wconf 75' lang='lat' dir='ltr'><strong>argentum,</strong></span> <span class='ocrx_word' id='word_1_49' title='bbox 1093 1351 1135 1406; x_wconf 88' lang='lat' dir='ltr'><strong>vel</strong></span> <span class='ocrx_word' id='word_1_50' title='bbox 1151 1351 1173 1405; x_wconf 88' lang='lat' dir='ltr'><strong>si</strong></span> <span class='ocrx_word' id='word_1_51' title='bbox 1194 1348 1257 1419; x_wconf 86' lang='lat' dir='ltr'><strong>quid</strong></span> <span class='ocrx_word' id='word_1_52' title='bbox 1273 1347 1344 1402; x_wconf 90' lang='lat' dir='ltr'><strong>alind</strong></span> 
     </span>
     <span class='ocr_line' id='line_1_7' title="bbox 556 1439 1343 1528; baseline -0.025 -17"><span class='ocrx_word' id='word_1_53' title='bbox 556 1457 674 1528; x_wconf 73' lang='lat' dir='ltr'><strong>possidet</strong></span> <span class='ocrx_word' id='word_1_54' title='bbox 684 1457 704 1507; x_wconf 85' lang='lat'><strong>¹.</strong></span> <span class='ocrx_word' id='word_1_55' title='bbox 715 1451 813 1508; x_wconf 87' lang='lat' dir='ltr'><strong>bdlroc</strong></span> <span class='ocrx_word' id='word_1_56' title='bbox 829 1448 961 1520; x_wconf 90' lang='lat' dir='ltr'><strong>prolertur</strong></span> <span class='ocrx_word' id='word_1_57' title='bbox 974 1446 1006 1499; x_wconf 88' lang='lat' dir='ltr'><strong>ad</strong></span> <span class='ocrx_word' id='word_1_58' title='bbox 1022 1445 1133 1498; x_wconf 88' lang='lat' dir='ltr'><strong>alterum</strong></span> <span class='ocrx_word' id='word_1_59' title='bbox 1149 1441 1192 1496; x_wconf 84' lang='lat' dir='ltr'><strong>illa</strong></span> <span class='ocrx_word' id='word_1_60' title='bbox 1208 1439 1343 1509; x_wconf 80' lang='lat' dir='ltr'><strong>iniquitas.</strong></span> 
     </span>
     <span class='ocr_line' id='line_1_8' title="bbox 551 1529 1345 1618; baseline -0.026 -15"><span class='ocrx_word' id='word_1_61' title='bbox 551 1548 626 1618; x_wconf 72' lang='lat' dir='ltr'><strong>&#39;lirpo</strong></span> <span class='ocrx_word' id='word_1_62' title='bbox 647 1546 770 1614; x_wconf 82' lang='lat' dir='ltr'><strong>iniqnitas</strong></span> <span class='ocrx_word' id='word_1_63' title='bbox 791 1551 833 1595; x_wconf 88' lang='lat' dir='ltr'><strong>tna</strong></span> <span class='ocrx_word' id='word_1_64' title='bbox 849 1541 936 1594; x_wconf 84' lang='lat' dir='ltr'><strong>alieno</strong></span> <span class='ocrx_word' id='word_1_65' title='bbox 955 1536 1059 1607; x_wconf 80' lang='lat' dir='ltr'><strong>corpori</strong></span> <span class='ocrx_word' id='word_1_66' title='bbox 1079 1542 1173 1597; x_wconf 87' lang='lat' dir='ltr'><strong>nocet,</strong></span> <span class='ocrx_word' id='word_1_67' title='bbox 1194 1541 1240 1586; x_wconf 91' lang='lat' dir='ltr'><strong>tuo</strong></span> <span class='ocrx_word' id='word_1_68' title='bbox 1255 1529 1345 1584; x_wconf 88' lang='lat' dir='ltr'><strong>animo</strong></span> 
     </span>
     <span class='ocr_line' id='line_1_9' title="bbox 553 1636 1297 1703; baseline -0.024 -10"><span class='ocrx_word' id='word_1_69' title='bbox 553 1653 606 1694; x_wconf 94' lang='lat' dir='ltr'><strong>non</strong></span> <span class='ocrx_word' id='word_1_70' title='bbox 621 1636 716 1691; x_wconf 77' lang='lat' dir='ltr'><strong>nocet?</strong></span> <span class='ocrx_word' id='word_1_71' title='bbox 1293 1697 1297 1703; x_wconf 22' lang='lat'><strong>¹</strong></span> 
     </span>
    </p>

    <p class='ocr_par' dir='ltr' id='par_1_2' title="bbox 548 1712 1346 3520">
     <span class='ocr_line' id='line_1_10' title="bbox 588 1712 1343 1790; baseline -0.021 -8"><span class='ocrx_word' id='word_1_72' title='bbox 588 1727 618 1782; x_wconf 75' lang='lat'><strong>2.</strong></span> <span class='ocrx_word' id='word_1_73' title='bbox 633 1726 730 1781; x_wconf 86' lang='lat' dir='ltr'><strong>Corrtra</strong></span> <span class='ocrx_word' id='word_1_74' title='bbox 745 1725 821 1778; x_wconf 83' lang='lat' dir='ltr'><strong>istam</strong></span> <span class='ocrx_word' id='word_1_75' title='bbox 836 1720 985 1790; x_wconf 73' lang='lat' dir='ltr'><strong>simplicem</strong></span> <span class='ocrx_word' id='word_1_76' title='bbox 998 1729 1171 1784; x_wconf 77' lang='lat' dir='ltr'><strong>veracemque</strong></span> <span class='ocrx_word' id='word_1_77' title='bbox 1183 1712 1343 1779; x_wconf 86' lang='lat' dir='ltr'><strong>doctrinam,</strong></span> 
     </span>
     <span class='ocr_line' id='line_1_11' title="bbox 552 1803 1344 1888; baseline -0.019 -16"><span class='ocrx_word' id='word_1_78' title='bbox 552 1833 604 1888; x_wconf 90' lang='lat' dir='ltr'><strong>qna</strong></span> <span class='ocrx_word' id='word_1_79' title='bbox 620 1817 768 1871; x_wconf 88' lang='lat' dir='ltr'><strong>insinuatur</strong></span> <span class='ocrx_word' id='word_1_80' title='bbox 788 1813 940 1867; x_wconf 87' lang='lat' dir='ltr'><strong>bominibus</strong></span> <span class='ocrx_word' id='word_1_81' title='bbox 955 1810 1052 1873; x_wconf 88' lang='lat' dir='ltr'><strong>bonis,</strong></span> <span class='ocrx_word' id='word_1_82' title='bbox 1070 1817 1099 1861; x_wconf 92' lang='lat' dir='ltr'><strong>ut</strong></span> <span class='ocrx_word' id='word_1_83' title='bbox 1118 1808 1201 1876; x_wconf 88' lang='lat' dir='ltr'><strong>ipsam</strong></span> <span class='ocrx_word' id='word_1_84' title='bbox 1214 1803 1344 1874; x_wconf 81' lang='lat' dir='ltr'><strong>justitiam</strong></span> 
     </span>
     <span class='ocr_line' id='line_1_12' title="bbox 554 1893 1344 1976; baseline -0.022 -12"><span class='ocrx_word' id='word_1_85' title='bbox 554 1909 680 1976; x_wconf 69' lang='lat' dir='ltr'><strong>diligant,</strong></span> <span class='ocrx_word' id='word_1_86' title='bbox 693 1916 764 1962; x_wconf 84' lang='lat' dir='ltr'><strong>etex</strong></span> <span class='ocrx_word' id='word_1_87' title='bbox 777 1919 807 1958; x_wconf 90' lang='lat' dir='ltr'><strong>ea</strong></span> <span class='ocrx_word' id='word_1_88' title='bbox 822 1904 926 1973; x_wconf 88' lang='lat' dir='ltr'><strong>placere</strong></span> <span class='ocrx_word' id='word_1_89' title='bbox 940 1901 995 1954; x_wconf 82' lang='lat' dir='ltr'><strong>beo</strong></span> <span class='ocrx_word' id='word_1_90' title='bbox 1007 1899 1104 1962; x_wconf 83' lang='lat' dir='ltr'><strong>velint;</strong></span> <span class='ocrx_word' id='word_1_91' title='bbox 1121 1898 1154 1952; x_wconf 82' lang='lat' dir='ltr'><strong>ab</strong></span> <span class='ocrx_word' id='word_1_92' title='bbox 1168 1897 1213 1951; x_wconf 90' lang='lat' dir='ltr'><strong>illu</strong></span> <span class='ocrx_word' id='word_1_93' title='bbox 1223 1897 1235 1927; x_wconf 79' lang='lat'><strong>’</strong></span> <span class='ocrx_word' id='word_1_94' title='bbox 1246 1893 1344 1949; x_wconf 89' lang='lat' dir='ltr'><strong>intelli·</strong></span> 
     </span>
     <span class='ocr_line' id='line_1_13' title="bbox 553 1987 1343 2070; baseline -0.023 -16"><span class='ocrx_word' id='word_1_95' title='bbox 553 2009 619 2070; x_wconf 75' lang='lat' dir='ltr'><strong>pant</strong></span> <span class='ocrx_word' id='word_1_96' title='bbox 630 2000 688 2053; x_wconf 88' lang='lat' dir='ltr'><strong>lnce</strong></span> <span class='ocrx_word' id='word_1_97' title='bbox 702 1997 814 2066; x_wconf 83' lang='lat' dir='ltr'><strong>quadum</strong></span> <span class='ocrx_word' id='word_1_98' title='bbox 828 1991 985 2063; x_wconf 80' lang='lat' dir='ltr'><strong>intelligibili</strong></span> <span class='ocrx_word' id='word_1_99' title='bbox 998 1987 1119 2061; x_wconf 78' lang='lat' dir='ltr'><strong>pertundi</strong></span> <span class='ocrx_word' id='word_1_100' title='bbox 1131 1987 1245 2041; x_wconf 91' lang='lat' dir='ltr'><strong>animam</strong></span> <span class='ocrx_word' id='word_1_101' title='bbox 1256 1998 1343 2048; x_wconf 90' lang='lat' dir='ltr'><strong>suam,</strong></span> 
     </span>
     <span class='ocr_line' id='line_1_14' title="bbox 550 2077 1344 2157; baseline -0.021 -12"><span class='ocrx_word' id='word_1_102' title='bbox 550 2100 585 2145; x_wconf 87' lang='lat' dir='ltr'><strong>ut</strong></span> <span class='ocrx_word' id='word_1_103' title='bbox 600 2089 696 2144; x_wconf 85' lang='lat' dir='ltr'><strong>iaciant</strong></span> <span class='ocrx_word' id='word_1_104' title='bbox 707 2088 777 2157; x_wconf 84' lang='lat' dir='ltr'><strong>justa</strong></span> <span class='ocrx_word' id='word_1_105' title='bbox 794 2099 885 2154; x_wconf 84' lang='lat' dir='ltr'><strong>opera,</strong></span> <span class='ocrx_word' id='word_1_106' title='bbox 901 2092 928 2138; x_wconf 92' lang='lat' dir='ltr'><strong>et</strong></span> <span class='ocrx_word' id='word_1_107' title='bbox 947 2081 1018 2136; x_wconf 91' lang='lat' dir='ltr'><strong>illam</strong></span> <span class='ocrx_word' id='word_1_108' title='bbox 1034 2080 1120 2133; x_wconf 90' lang='lat' dir='ltr'><strong>lucem</strong></span> <span class='ocrx_word' id='word_1_109' title='bbox 1135 2077 1272 2146; x_wconf 79' lang='lat' dir='ltr'><strong>sapientior</strong></span> <span class='ocrx_word' id='word_1_110' title='bbox 1284 2089 1344 2129; x_wconf 94' lang='lat' dir='ltr'><strong>om·</strong></span> 
     </span>
     <span class='ocr_line' id='line_1_15' title="bbox 553 2173 1345 2249; baseline -0.019 -14"><span class='ocrx_word' id='word_1_111' title='bbox 553 2182 632 2236; x_wconf 88' lang='lat' dir='ltr'><strong>nilms</strong></span> <span class='ocrx_word' id='word_1_112' title='bbox 652 2196 710 2249; x_wconf 88' lang='lat' dir='ltr'><strong>qnae</strong></span> <span class='ocrx_word' id='word_1_113' title='bbox 730 2179 755 2232; x_wconf 91' lang='lat' dir='ltr'><strong>ln</strong></span> <span class='ocrx_word' id='word_1_114' title='bbox 776 2175 875 2231; x_wconf 69' lang='lat' dir='ltr'><strong>saeculo</strong></span> <span class='ocrx_word' id='word_1_115' title='bbox 893 2173 1039 2244; x_wconf 80' lang='lat' dir='ltr'><strong>diliguntur</strong></span> <span class='ocrx_word' id='word_1_116' title='bbox 1057 2175 1215 2241; x_wconf 74' lang='lat' dir='ltr'><strong>proponant</strong></span> <span class='ocrx_word' id='word_1_117' title='bbox 1230 2183 1237 2218; x_wconf 74' lang='grc' dir='ltr'><strong>ι</strong></span> <span class='ocrx_word' id='word_1_118' title='bbox 1252 2173 1345 2220; x_wconf 86' lang='lat' dir='ltr'><strong>contra</strong></span> 
     </span>
     <span class='ocr_line' id='line_1_16' title="bbox 551 2256 1345 2328; baseline -0.023 0"><span class='ocrx_word' id='word_1_119' title='bbox 551 2273 631 2328; x_wconf 79' lang='lat' dir='ltr'><strong>istam</strong></span> <span class='ocrx_word' id='word_1_120' title='bbox 647 2270 793 2324; x_wconf 79' lang='lat' dir='ltr'><strong>doctrinam</strong></span> <span class='ocrx_word' id='word_1_121' title='bbox 808 2267 868 2321; x_wconf 89' lang='lat' dir='ltr'><strong>taliu</strong></span> <span class='ocrx_word' id='word_1_122' title='bbox 884 2279 1018 2319; x_wconf 85' lang='lat' dir='ltr'><strong>murmura</strong></span> <span class='ocrx_word' id='word_1_123' title='bbox 1032 2270 1094 2318; x_wconf 88' lang='lat' dir='ltr'><strong>sunt</strong></span> <span class='ocrx_word' id='word_1_124' title='bbox 1108 2258 1265 2320; x_wconf 74' lang='lat' dir='ltr'><strong>bominum:</strong></span> <span class='ocrx_word' id='word_1_125' title='bbox 1280 2264 1307 2311; x_wconf 91' lang='grc' dir='ltr'><strong>ει</strong></span> <span class='ocrx_word' id='word_1_126' title='bbox 1321 2256 1345 2311; x_wconf 90' lang='lat' dir='ltr'><strong>si</strong></span> 
     </span>
     <span class='ocr_line' id='line_1_17' title="bbox 549 2348 1345 2431; baseline -0.023 -13"><span class='ocrx_word' id='word_1_127' title='bbox 549 2378 608 2418; x_wconf 81' lang='lat' dir='ltr'><strong>uon</strong></span> <span class='ocrx_word' id='word_1_128' title='bbox 624 2361 770 2431; x_wconf 85' lang='lat' dir='ltr'><strong>procedunt</strong></span> <span class='ocrx_word' id='word_1_129' title='bbox 783 2360 808 2412; x_wconf 92' lang='lat' dir='ltr'><strong>in</strong></span> <span class='ocrx_word' id='word_1_130' title='bbox 824 2371 901 2421; x_wconf 86' lang='lat' dir='ltr'><strong>voce,</strong></span> <span class='ocrx_word' id='word_1_131' title='bbox 916 2355 1047 2410; x_wconf 87' lang='lat' dir='ltr'><strong>roduntur</strong></span> <span class='ocrx_word' id='word_1_132' title='bbox 1059 2353 1084 2406; x_wconf 95' lang='lat' dir='ltr'><strong>in</strong></span> <span class='ocrx_word' id='word_1_133' title='bbox 1097 2351 1188 2406; x_wconf 86' lang='lat' dir='ltr'><strong>corde.</strong></span> <span class='ocrx_word' id='word_1_134' title='bbox 1202 2348 1269 2418; x_wconf 85' lang='lat' dir='ltr'><strong>Quid</strong></span> <span class='ocrx_word' id='word_1_135' title='bbox 1281 2361 1345 2418; x_wconf 75' lang='lat' dir='ltr'><strong>erpo</strong></span> 
     </span>
     <span class='ocr_line' id='line_1_18' title="bbox 551 2439 1346 2519; baseline -0.023 -10"><span class='ocrx_word' id='word_1_136' title='bbox 551 2455 666 2509; x_wconf 75' lang='lat' dir='ltr'><strong>dicunt?</strong></span> <span class='ocrx_word' id='word_1_137' title='bbox 688 2451 758 2506; x_wconf 85' lang='lat' dir='ltr'><strong>llere</strong></span> <span class='ocrx_word' id='word_1_138' title='bbox 777 2448 920 2519; x_wconf 88' lang='lat' dir='ltr'><strong>placiturus</strong></span> <span class='ocrx_word' id='word_1_139' title='bbox 934 2460 991 2500; x_wconf 91' lang='lat' dir='ltr'><strong>snm</strong></span> <span class='ocrx_word' id='word_1_140' title='bbox 1007 2444 1062 2497; x_wconf 83' lang='lat' dir='ltr'><strong>lleo</strong></span> <span class='ocrx_word' id='word_1_141' title='bbox 1077 2456 1123 2511; x_wconf 91' lang='lat' dir='ltr'><strong>per</strong></span> <span class='ocrx_word' id='word_1_142' title='bbox 1135 2440 1264 2511; x_wconf 86' lang='lat' dir='ltr'><strong>justitiam</strong></span> <span class='ocrx_word' id='word_1_143' title='bbox 1276 2439 1288 2492; x_wconf 80' lang='lat' dir='ltr'><strong>l</strong></span> <span class='ocrx_word' id='word_1_144' title='bbox 1299 2446 1346 2492; x_wconf 87' lang='lat' dir='ltr'><strong>eut</strong></span> 
     </span>
     <span class='ocr_line' id='line_1_19' title="bbox 553 2528 1345 2616; baseline -0.023 -16"><span class='ocrx_word' id='word_1_145' title='bbox 553 2545 616 2616; x_wconf 76' lang='lat' dir='ltr'><strong>insti</strong></span> <span class='ocrx_word' id='word_1_146' title='bbox 639 2543 676 2598; x_wconf 90' lang='lat' dir='ltr'><strong>illi</strong></span> <span class='ocrx_word' id='word_1_147' title='bbox 698 2543 819 2614; x_wconf 89' lang='lat' dir='ltr'><strong>placent,</strong></span> <span class='ocrx_word' id='word_1_148' title='bbox 842 2538 892 2594; x_wconf 86' lang='lat' dir='ltr'><strong>sub</strong></span> <span class='ocrx_word' id='word_1_149' title='bbox 915 2536 990 2607; x_wconf 88' lang='lat' dir='ltr'><strong>cujus</strong></span> <span class='ocrx_word' id='word_1_150' title='bbox 1014 2533 1126 2603; x_wconf 92' lang='lat' dir='ltr'><strong>imperio</strong></span> <span class='ocrx_word' id='word_1_151' title='bbox 1147 2531 1210 2586; x_wconf 85' lang='lat' dir='ltr'><strong>mali</strong></span> <span class='ocrx_word' id='word_1_152' title='bbox 1230 2528 1345 2585; x_wconf 87' lang='lat' dir='ltr'><strong>dorentl</strong></span> 
     </span>
     <span class='ocr_line' id='line_1_20' title="bbox 554 2619 1346 2703; baseline -0.02 -13"><span class='ocrx_word' id='word_1_153' title='bbox 554 2636 639 2692; x_wconf 80' lang='lat' dir='ltr'><strong>&#39;l&#39;mna</strong></span> <span class='ocrx_word' id='word_1_154' title='bbox 648 2634 719 2703; x_wconf 82' lang='lat' dir='ltr'><strong>mala</strong></span> <span class='ocrx_word' id='word_1_155' title='bbox 733 2631 912 2692; x_wconf 90' lang='lat' dir='ltr'><strong>committunt,</strong></span> <span class='ocrx_word' id='word_1_156' title='bbox 927 2638 954 2683; x_wconf 93' lang='grc' dir='ltr'><strong>ει</strong></span> <span class='ocrx_word' id='word_1_157' title='bbox 968 2625 1032 2681; x_wconf 89' lang='lat' dir='ltr'><strong>nibil</strong></span> <span class='ocrx_word' id='word_1_158' title='bbox 1046 2623 1099 2679; x_wconf 90' lang='lat' dir='ltr'><strong>illis</strong></span> <span class='ocrx_word' id='word_1_159' title='bbox 1111 2622 1198 2678; x_wconf 89' lang='lat' dir='ltr'><strong>evcnit</strong></span> <span class='ocrx_word' id='word_1_160' title='bbox 1209 2619 1280 2674; x_wconf 86' lang='lat' dir='ltr'><strong>mali.</strong></span> <span class='ocrx_word' id='word_1_161' title='bbox 1291 2620 1346 2674; x_wconf 80' lang='lat' dir='ltr'><strong>Ant</strong></span> 
     </span>
     <span class='ocr_line' id='line_1_21' title="bbox 550 2711 1345 2791; baseline -0.021 -11"><span class='ocrx_word' id='word_1_162' title='bbox 550 2726 576 2780; x_wconf 83' lang='lat' dir='ltr'><strong>si</strong></span> <span class='ocrx_word' id='word_1_163' title='bbox 592 2724 660 2780; x_wconf 86' lang='lat' dir='ltr'><strong>iortc</strong></span> <span class='ocrx_word' id='word_1_164' title='bbox 672 2722 761 2778; x_wconf 85' lang='lat' dir='ltr'><strong>evcnit</strong></span> <span class='ocrx_word' id='word_1_165' title='bbox 772 2720 870 2791; x_wconf 91' lang='lat' dir='ltr'><strong>aliquid</strong></span> <span class='ocrx_word' id='word_1_166' title='bbox 884 2718 963 2782; x_wconf 88' lang='lat' dir='ltr'><strong>mali;</strong></span> <span class='ocrx_word' id='word_1_167' title='bbox 978 2715 1041 2786; x_wconf 91' lang='lat' dir='ltr'><strong>quid</strong></span> <span class='ocrx_word' id='word_1_168' title='bbox 1057 2715 1102 2769; x_wconf 91' lang='lat' dir='ltr'><strong>tibi</strong></span> <span class='ocrx_word' id='word_1_169' title='bbox 1118 2713 1211 2769; x_wconf 90' lang='lat' dir='ltr'><strong>dicunt</strong></span> <span class='ocrx_word' id='word_1_170' title='bbox 1223 2711 1270 2777; x_wconf 89' lang='lat' dir='ltr'><strong>iili,</strong></span> <span class='ocrx_word' id='word_1_171' title='bbox 1284 2724 1345 2764; x_wconf 92' lang='lat' dir='ltr'><strong>cum</strong></span> 
     </span>
     <span class='ocr_line' id='line_1_22' title="bbox 551 2798 1345 2885; baseline -0.021 -14"><span class='ocrx_word' id='word_1_172' title='bbox 551 2816 592 2872; x_wconf 86' lang='lat' dir='ltr'><strong>eit</strong></span> <span class='ocrx_word' id='word_1_173' title='bbox 604 2813 718 2885; x_wconf 76' lang='lat' dir='ltr'><strong>coeperis</strong></span> <span class='ocrx_word' id='word_1_174' title='bbox 729 2813 818 2867; x_wconf 88' lang='lat' dir='ltr'><strong>dicere</strong></span> <span class='ocrx_word' id='word_1_175' title='bbox 832 2829 839 2863; x_wconf 78' lang='grc' dir='ltr'>ι</span> <span class='ocrx_word' id='word_1_176' title='bbox 853 2810 922 2865; x_wconf 82' lang='grc' dir='ltr'>Εεεε</span> <span class='ocrx_word' id='word_1_177' title='bbox 934 2815 1032 2879; x_wconf 87' lang='lat' dir='ltr'><strong>quanta</strong></span> <span class='ocrx_word' id='word_1_178' title='bbox 1046 2804 1107 2860; x_wconf 84' lang='lat' dir='ltr'><strong>lecit</strong></span> <span class='ocrx_word' id='word_1_179' title='bbox 1118 2803 1197 2868; x_wconf 92' lang='lat' dir='ltr'><strong>mala,</strong></span> <span class='ocrx_word' id='word_1_180' title='bbox 1210 2798 1345 2872; x_wconf 92' lang='lat' dir='ltr'><strong>quomodo</strong></span> 
     </span>
     <span class='ocr_line' id='line_1_23' title="bbox 550 2893 1345 2972; baseline -0.02 -10"><span class='ocrx_word' id='word_1_181' title='bbox 550 2905 591 2962; x_wconf 93' lang='lat' dir='ltr'><strong>llli</strong></span> <span class='ocrx_word' id='word_1_182' title='bbox 610 2904 743 2961; x_wconf 90' lang='lat' dir='ltr'><strong>redditum</strong></span> <span class='ocrx_word' id='word_1_183' title='bbox 764 2903 827 2958; x_wconf 87' lang='lat' dir='ltr'><strong>estl</strong></span> <span class='ocrx_word' id='word_1_184' title='bbox 845 2901 949 2972; x_wconf 87' lang='lat' dir='ltr'><strong>qualem</strong></span> <span class='ocrx_word' id='word_1_185' title='bbox 968 2897 1069 2954; x_wconf 83' lang='lat' dir='ltr'><strong>exitum</strong></span> <span class='ocrx_word' id='word_1_186' title='bbox 1088 2893 1191 2950; x_wconf 87' lang='lat' dir='ltr'><strong>babnil</strong></span> <span class='ocrx_word' id='word_1_187' title='bbox 1213 2893 1345 2963; x_wconf 76' lang='lat' dir='ltr'><strong>Incipiunt</strong></span> 
     </span>
     <span class='ocr_line' id='line_1_24' title="bbox 549 2990 1345 3065; baseline -0.018 -13"><span class='ocrx_word' id='word_1_188' title='bbox 549 2996 591 3053; x_wconf 89' lang='lat' dir='ltr'><strong>llll</strong></span> <span class='ocrx_word' id='word_1_189' title='bbox 609 2995 727 3065; x_wconf 78' lang='lat' dir='ltr'><strong>cogitare</strong></span> <span class='ocrx_word' id='word_1_190' title='bbox 744 2994 831 3063; x_wconf 83' lang='lat' dir='ltr'><strong>justos</strong></span> <span class='ocrx_word' id='word_1_191' title='bbox 845 2992 940 3062; x_wconf 89' lang='lat' dir='ltr'><strong>quibus</strong></span> <span class='ocrx_word' id='word_1_192' title='bbox 956 2990 1024 3044; x_wconf 87' lang='lat' dir='ltr'><strong>mala</strong></span> <span class='ocrx_word' id='word_1_193' title='bbox 1040 2993 1185 3042; x_wconf 88' lang='lat' dir='ltr'><strong>evenemnt</strong></span> <span class='ocrx_word' id='word_1_194' title='bbox 1197 3026 1204 3049; x_wconf 87' lang='lat'><strong>,</strong></span> <span class='ocrx_word' id='word_1_195' title='bbox 1218 2993 1245 3040; x_wconf 91' lang='lat' dir='ltr'><strong>ct</strong></span> <span class='ocrx_word' id='word_1_196' title='bbox 1259 2999 1345 3055; x_wconf 91' lang='lat' dir='ltr'><strong>oppo-</strong></span> 
     </span>
     <span class='ocr_line' id='line_1_25' title="bbox 550 3073 1345 3148; baseline -0.018 -5"><span class='ocrx_word' id='word_1_197' title='bbox 550 3096 619 3143; x_wconf 87' lang='lat' dir='ltr'><strong>tmnt</strong></span> <span class='ocrx_word' id='word_1_198' title='bbox 633 3086 729 3148; x_wconf 83' lang='lat' dir='ltr'><strong>nobis,</strong></span> <span class='ocrx_word' id='word_1_199' title='bbox 745 3091 772 3138; x_wconf 90' lang='lat' dir='ltr'><strong>et</strong></span> <span class='ocrx_word' id='word_1_200' title='bbox 788 3083 879 3137; x_wconf 89' lang='lat' dir='ltr'><strong>dicunt</strong></span> <span class='ocrx_word' id='word_1_201' title='bbox 893 3097 901 3133; x_wconf 74' lang='grc' dir='ltr'>ε</span> <span class='ocrx_word' id='word_1_202' title='bbox 917 3080 944 3134; x_wconf 89' lang='lat' dir='ltr'><strong>Si</strong></span> <span class='ocrx_word' id='word_1_203' title='bbox 960 3080 997 3134; x_wconf 92' lang='lat' dir='ltr'><strong>illi</strong></span> <span class='ocrx_word' id='word_1_204' title='bbox 1014 3086 1154 3148; x_wconf 86' lang='lat' dir='ltr'><strong>propterea</strong></span> <span class='ocrx_word' id='word_1_205' title='bbox 1170 3075 1230 3130; x_wconf 87' lang='lat' dir='ltr'><strong>mali</strong></span> <span class='ocrx_word' id='word_1_206' title='bbox 1244 3073 1345 3145; x_wconf 86' lang='lat' dir='ltr'><strong>aliquid</strong></span> 
     </span>
     <span class='ocr_line' id='line_1_26' title="bbox 551 3165 1344 3243; baseline -0.014 -14"><span class='ocrx_word' id='word_1_207' title='bbox 551 3174 666 3238; x_wconf 84' lang='lat' dir='ltr'><strong>occidit,</strong></span> <span class='ocrx_word' id='word_1_208' title='bbox 680 3174 741 3243; x_wconf 88' lang='lat' dir='ltr'><strong>quia</strong></span> <span class='ocrx_word' id='word_1_209' title='bbox 756 3173 862 3241; x_wconf 86' lang='lat' dir='ltr'><strong>iniquus</strong></span> <span class='ocrx_word' id='word_1_210' title='bbox 878 3169 941 3234; x_wconf 77' lang='lat' dir='ltr'><strong>iuit3</strong></span> <span class='ocrx_word' id='word_1_211' title='bbox 956 3169 994 3223; x_wconf 88' lang='lat' dir='ltr'><strong>illi</strong></span> <span class='ocrx_word' id='word_1_212' title='bbox 1008 3183 1090 3238; x_wconf 87' lang='lat' dir='ltr'><strong>quaro</strong></span> <span class='ocrx_word' id='word_1_213' title='bbox 1102 3165 1214 3231; x_wconf 88' lang='lat' dir='ltr'><strong>accidit,</strong></span> <span class='ocrx_word' id='word_1_214' title='bbox 1228 3165 1273 3234; x_wconf 91' lang='lat' dir='ltr'><strong>qui</strong></span> <span class='ocrx_word' id='word_1_215' title='bbox 1291 3173 1344 3219; x_wconf 83' lang='lat' dir='ltr'><strong>mm</strong></span> 
     </span>
     <span class='ocr_line' id='line_1_27' title="bbox 548 3256 1344 3339; baseline -0.016 -17"><span class='ocrx_word' id='word_1_216' title='bbox 548 3267 621 3339; x_wconf 71' lang='lat' dir='ltr'><strong>inste</strong></span> <span class='ocrx_word' id='word_1_217' title='bbox 644 3265 729 3320; x_wconf 75' lang='lat' dir='ltr'><strong>sirit?</strong></span> <span class='ocrx_word' id='word_1_218' title='bbox 753 3264 803 3331; x_wconf 80' lang='lat' dir='ltr'><strong>Qui</strong></span> <span class='ocrx_word' id='word_1_219' title='bbox 823 3263 1008 3333; x_wconf 82' lang='lat' dir='ltr'><strong>eleemosynas</strong></span> <span class='ocrx_word' id='word_1_220' title='bbox 1030 3269 1115 3313; x_wconf 90' lang='lat' dir='ltr'><strong>tantas</strong></span> <span class='ocrx_word' id='word_1_221' title='bbox 1133 3257 1205 3323; x_wconf 87' lang='lat' dir='ltr'><strong>lecit,</strong></span> <span class='ocrx_word' id='word_1_222' title='bbox 1225 3256 1270 3327; x_wconf 89' lang='lat' dir='ltr'><strong>qui</strong></span> <span class='ocrx_word' id='word_1_223' title='bbox 1290 3265 1344 3310; x_wconf 86' lang='lat' dir='ltr'><strong>tam</strong></span> 
     </span>
     <span class='ocr_line' id='line_1_28' title="bbox 551 3349 1344 3426; baseline -0.018 -9"><span class='ocrx_word' id='word_1_224' title='bbox 551 3360 636 3417; x_wconf 75' lang='lat' dir='ltr'><strong>trinita</strong></span> <span class='ocrx_word' id='word_1_225' title='bbox 661 3359 729 3413; x_wconf 88' lang='lat' dir='ltr'><strong>bona</strong></span> <span class='ocrx_word' id='word_1_226' title='bbox 751 3367 877 3426; x_wconf 90' lang='lat' dir='ltr'><strong>operatus</strong></span> <span class='ocrx_word' id='word_1_227' title='bbox 900 3363 941 3410; x_wconf 88' lang='grc' dir='ltr'><strong>εει</strong></span> <span class='ocrx_word' id='word_1_228' title='bbox 965 3354 990 3408; x_wconf 92' lang='lat' dir='ltr'><strong>in</strong></span> <span class='ocrx_word' id='word_1_229' title='bbox 1012 3351 1153 3418; x_wconf 82' lang='lat' dir='ltr'><strong>Ecclesia,</strong></span> <span class='ocrx_word' id='word_1_230' title='bbox 1168 3363 1250 3420; x_wconf 88' lang='lat' dir='ltr'><strong>quare</strong></span> <span class='ocrx_word' id='word_1_231' title='bbox 1265 3349 1344 3403; x_wconf 89' lang='lat' dir='ltr'><strong>talem</strong></span> 
     </span>
     <span class='ocr_line' id='line_1_29' title="bbox 548 3443 1343 3520; baseline -0.018 -10"><span class='ocrx_word' id='word_1_232' title='bbox 548 3462 652 3510; x_wconf 86' lang='lat' dir='ltr'><strong>sortem</strong></span> <span class='ocrx_word' id='word_1_233' title='bbox 668 3451 786 3507; x_wconf 81' lang='lat' dir='ltr'><strong>imenit?</strong></span> <span class='ocrx_word' id='word_1_234' title='bbox 799 3464 881 3520; x_wconf 84' lang='lat' dir='ltr'><strong>quare</strong></span> <span class='ocrx_word' id='word_1_235' title='bbox 901 3449 980 3504; x_wconf 86' lang='lat' dir='ltr'><strong>talem</strong></span> <span class='ocrx_word' id='word_1_236' title='bbox 996 3447 1095 3502; x_wconf 77' lang='lat' dir='ltr'><strong>exitum</strong></span> <span class='ocrx_word' id='word_1_237' title='bbox 1113 3445 1224 3510; x_wconf 87' lang='lat' dir='ltr'><strong>babuit,</strong></span> <span class='ocrx_word' id='word_1_238' title='bbox 1238 3443 1343 3514; x_wconf 84' lang='lat' dir='ltr'><strong>qualem</strong></span> 
     </span>
    </p>
   </div>
   <div class='ocr_carea' id='block_1_2' title="bbox 406 3536 1342 3613">
    <p class='ocr_par' dir='ltr' id='par_1_3' title="bbox 406 3536 1342 3613">
     <span class='ocr_line' id='line_1_30' title="bbox 406 3536 1342 3613; baseline -0.016 -9"><span class='ocrx_word' id='word_1_239' title='bbox 406 3546 407 3553; x_wconf 74' lang='grc'>’</span> <span class='ocrx_word' id='word_1_240' title='bbox 446 3544 453 3557; x_wconf 89' lang='grc'><em>’</em></span> <span class='ocrx_word' id='word_1_241' title='bbox 549 3547 596 3602; x_wconf 89' lang='lat' dir='ltr'><strong>ille</strong></span> <span class='ocrx_word' id='word_1_242' title='bbox 610 3546 690 3600; x_wconf 91' lang='lat' dir='ltr'><strong>borno</strong></span> <span class='ocrx_word' id='word_1_243' title='bbox 708 3544 752 3613; x_wconf 90' lang='lat' dir='ltr'><strong>qni</strong></span> <span class='ocrx_word' id='word_1_244' title='bbox 768 3543 849 3598; x_wconf 85' lang='lat' dir='ltr'><strong>multa</strong></span> <span class='ocrx_word' id='word_1_245' title='bbox 868 3542 956 3612; x_wconf 87' lang='lat' dir='ltr'><strong>iniqnn</strong></span> <span class='ocrx_word' id='word_1_246' title='bbox 970 3539 1122 3594; x_wconf 77' lang='lat' dir='ltr'><strong>commisit?</strong></span> <span class='ocrx_word' id='word_1_247' title='bbox 1134 3536 1174 3592; x_wconf 85' lang='lat' dir='ltr'><strong>dd</strong></span> <span class='ocrx_word' id='word_1_248' title='bbox 1189 3537 1239 3591; x_wconf 87' lang='lat' dir='ltr'><strong>boe</strong></span> <span class='ocrx_word' id='word_1_249' title='bbox 1253 3544 1342 3590; x_wconf 89' lang='lat' dir='ltr'><strong>antem</strong></span> 
     </span>
    </p>
   </div>
   <div class='ocr_carea' id='block_1_3' title="bbox 481 3625 1344 6203">
    <p class='ocr_par' dir='ltr' id='par_1_4' title="bbox 481 3625 1344 6203">
     <span class='ocr_line' id='line_1_31' title="bbox 549 3625 1344 3698; baseline -0.018 -8"><span class='ocrx_word' id='word_1_250' title='bbox 549 3636 600 3690; x_wconf 85' lang='lat' dir='ltr'><strong>ista</strong></span> <span class='ocrx_word' id='word_1_251' title='bbox 614 3635 716 3697; x_wconf 85' lang='lat' dir='ltr'><strong>dicunt,</strong></span> <span class='ocrx_word' id='word_1_252' title='bbox 732 3641 761 3690; x_wconf 94' lang='lat' dir='ltr'><strong>ut</strong></span> <span class='ocrx_word' id='word_1_253' title='bbox 773 3631 914 3687; x_wconf 73' lang='lat' dir='ltr'><strong>ostendant</strong></span> <span class='ocrx_word' id='word_1_254' title='bbox 928 3644 957 3685; x_wconf 88' lang='lat' dir='ltr'><strong>se</strong></span> <span class='ocrx_word' id='word_1_255' title='bbox 971 3638 1110 3698; x_wconf 87' lang='lat' dir='ltr'><strong>propterea</strong></span> <span class='ocrx_word' id='word_1_256' title='bbox 1123 3642 1175 3681; x_wconf 91' lang='lat' dir='ltr'><strong>non</strong></span> <span class='ocrx_word' id='word_1_257' title='bbox 1191 3625 1278 3680; x_wconf 83' lang='lat' dir='ltr'><strong>lacere</strong></span> <span class='ocrx_word' id='word_1_258' title='bbox 1288 3639 1344 3678; x_wconf 85' lang='lat' dir='ltr'><strong>ma·</strong></span> 
     </span>
     <span class='ocr_line' id='line_1_32' title="bbox 550 3715 1343 3794; baseline -0.015 -14"><span class='ocrx_word' id='word_1_259' title='bbox 550 3727 587 3789; x_wconf 83' lang='lat' dir='ltr'><strong>lo,</strong></span> <span class='ocrx_word' id='word_1_260' title='bbox 600 3725 661 3794; x_wconf 88' lang='lat' dir='ltr'><strong>qnia</strong></span> <span class='ocrx_word' id='word_1_261' title='bbox 677 3738 729 3777; x_wconf 93' lang='lat' dir='ltr'><strong>non</strong></span> <span class='ocrx_word' id='word_1_262' title='bbox 744 3729 864 3792; x_wconf 84' lang='lat' dir='ltr'><strong>possunt,</strong></span> <span class='ocrx_word' id='word_1_263' title='bbox 879 3729 924 3775; x_wconf 83' lang='lat' dir='ltr'><strong>aut</strong></span> <span class='ocrx_word' id='word_1_264' title='bbox 937 3719 1064 3790; x_wconf 89' lang='lat' dir='ltr'><strong>quianon</strong></span> <span class='ocrx_word' id='word_1_265' title='bbox 1077 3716 1186 3772; x_wconf 85' lang='lat' dir='ltr'><strong>audent.</strong></span> <span class='ocrx_word' id='word_1_266' title='bbox 1200 3715 1265 3770; x_wconf 87' lang='lat' dir='ltr'><strong>Nam</strong></span> <span class='ocrx_word' id='word_1_267' title='bbox 1280 3715 1343 3785; x_wconf 92' lang='lat' dir='ltr'><strong>quid</strong></span> 
     </span>
     <span class='ocr_line' id='line_1_33' title="bbox 550 3806 1342 3883; baseline -0.014 -14"><span class='ocrx_word' id='word_1_268' title='bbox 550 3815 695 3879; x_wconf 80' lang='lat' dir='ltr'><strong>totitem,</strong></span> <span class='ocrx_word' id='word_1_269' title='bbox 712 3813 798 3883; x_wconf 80' lang='lat' dir='ltr'><strong>lingna</strong></span> <span class='ocrx_word' id='word_1_270' title='bbox 815 3820 927 3866; x_wconf 85' lang='lat' dir='ltr'><strong>testatur</strong></span> <span class='ocrx_word' id='word_1_271' title='bbox 941 3830 947 3865; x_wconf 91' lang='lat'>:</span> <span class='ocrx_word' id='word_1_272' title='bbox 960 3808 1125 3879; x_wconf 84' lang='lat' dir='ltr'><strong>etquidem,</strong></span> <span class='ocrx_word' id='word_1_273' title='bbox 1139 3807 1241 3863; x_wconf 87' lang='lat' dir='ltr'><strong>etiamsi</strong></span> <span class='ocrx_word' id='word_1_274' title='bbox 1255 3806 1342 3876; x_wconf 77' lang='lat' dir='ltr'><strong>lingna</strong></span> 
     </span>
     <span class='ocr_line' id='line_1_34' title="bbox 547 3897 1344 3979; baseline -0.008 -21"><span class='ocrx_word' id='word_1_275' title='bbox 547 3905 746 3961; x_wconf 83' lang='lat' dir='ltr'><strong>obmutesceret</strong></span> <span class='ocrx_word' id='word_1_276' title='bbox 754 3912 788 3979; x_wconf 79' lang='lat' dir='ltr'><strong>et</strong></span> <span class='ocrx_word' id='word_1_277' title='bbox 804 3903 859 3973; x_wconf 83' lang='lat' dir='ltr'><strong>ipsa</strong></span> <span class='ocrx_word' id='word_1_278' title='bbox 875 3902 969 3955; x_wconf 83' lang='lat' dir='ltr'><strong>timore</strong></span> <span class='ocrx_word' id='word_1_279' title='bbox 981 3914 1143 3970; x_wconf 85' lang='lat' dir='ltr'><strong>compresse.</strong></span> <span class='ocrx_word' id='word_1_280' title='bbox 1157 3899 1225 3953; x_wconf 86' lang='lat' dir='ltr'><strong>Deus</strong></span> <span class='ocrx_word' id='word_1_281' title='bbox 1240 3897 1344 3952; x_wconf 87' lang='lat' dir='ltr'><strong>videret</strong></span> 
     </span>
     <span class='ocr_line' id='line_1_35' title="bbox 550 3988 1341 4066; baseline -0.016 -11"><span class='ocrx_word' id='word_1_282' title='bbox 550 3997 622 4054; x_wconf 90' lang='lat' dir='ltr'><strong>lntns</strong></span> <span class='ocrx_word' id='word_1_283' title='bbox 641 3995 704 4066; x_wconf 88' lang='lat' dir='ltr'><strong>quid</strong></span> <span class='ocrx_word' id='word_1_284' title='bbox 723 3995 851 4066; x_wconf 77' lang='lat' dir='ltr'><strong>cogitaret</strong></span> <span class='ocrx_word' id='word_1_285' title='bbox 870 3994 965 4057; x_wconf 90' lang='lat' dir='ltr'><strong>borno,</strong></span> <span class='ocrx_word' id='word_1_286' title='bbox 983 3993 1087 4048; x_wconf 86' lang='lat' dir='ltr'><strong>etiamsi</strong></span> <span class='ocrx_word' id='word_1_287' title='bbox 1106 3991 1186 4045; x_wconf 91' lang='lat' dir='ltr'><strong>alium</strong></span> <span class='ocrx_word' id='word_1_288' title='bbox 1207 3988 1341 4043; x_wconf 88' lang='lat' dir='ltr'><strong>bominem</strong></span> 
     </span>
     <span class='ocr_line' id='line_1_36' title="bbox 550 4078 1342 4156; baseline -0.015 -13"><span class='ocrx_word' id='word_1_289' title='bbox 550 4086 655 4144; x_wconf 87' lang='lat' dir='ltr'><strong>lateret.</strong></span> <span class='ocrx_word' id='word_1_290' title='bbox 670 4085 775 4156; x_wconf 81' lang='lat' dir='ltr'><strong>&#39;lucitas</strong></span> <span class='ocrx_word' id='word_1_291' title='bbox 790 4101 854 4154; x_wconf 78' lang='lat' dir='ltr'><strong>erqo</strong></span> <span class='ocrx_word' id='word_1_292' title='bbox 868 4083 1042 4153; x_wconf 73' lang='lat' dir='ltr'><strong>cogitationes</strong></span> <span class='ocrx_word' id='word_1_293' title='bbox 1057 4080 1192 4135; x_wconf 90' lang='lat' dir='ltr'><strong>bominum</strong></span> <span class='ocrx_word' id='word_1_294' title='bbox 1207 4078 1284 4144; x_wconf 81' lang='lat' dir='ltr'><strong>tales,</strong></span> <span class='ocrx_word' id='word_1_295' title='bbox 1297 4087 1342 4132; x_wconf 84' lang='lat' dir='ltr'><strong>ant</strong></span> 
     </span>
     <span class='ocr_line' id='line_1_37' title="bbox 517 4167 1342 4247; baseline -0.017 -12"><span class='ocrx_word' id='word_1_296' title='bbox 517 4227 524 4235; x_wconf 96' lang='lat'>.</span> <span class='ocrx_word' id='word_1_297' title='bbox 549 4179 629 4235; x_wconf 86' lang='lat' dir='ltr'><strong>ctiam</strong></span> <span class='ocrx_word' id='word_1_298' title='bbox 646 4184 818 4247; x_wconf 77' lang='lat' dir='ltr'><strong>erumpentes</strong></span> <span class='ocrx_word' id='word_1_299' title='bbox 831 4176 856 4229; x_wconf 95' lang='lat' dir='ltr'><strong>in</strong></span> <span class='ocrx_word' id='word_1_300' title='bbox 872 4173 1005 4230; x_wconf 80' lang='lat' dir='ltr'><strong>verbovel</strong></span> <span class='ocrx_word' id='word_1_301' title='bbox 1020 4173 1105 4235; x_wconf 83' lang='lat' dir='ltr'><strong>lactu,</strong></span> <span class='ocrx_word' id='word_1_302' title='bbox 1120 4178 1196 4225; x_wconf 90' lang='lat' dir='ltr'><strong>curat</strong></span> <span class='ocrx_word' id='word_1_303' title='bbox 1210 4170 1259 4224; x_wconf 88' lang='lat' dir='ltr'><strong>iste</strong></span> <span class='ocrx_word' id='word_1_304' title='bbox 1271 4167 1342 4238; x_wconf 88' lang='lat' dir='ltr'><strong>psal·</strong></span> 
     </span>
     <span class='ocr_line' id='line_1_38' title="bbox 548 4264 1340 4338; baseline -0.021 -9"><span class='ocrx_word' id='word_1_305' title='bbox 548 4287 626 4338; x_wconf 90' lang='lat' dir='ltr'><strong>mus,</strong></span> <span class='ocrx_word' id='word_1_306' title='bbox 647 4274 669 4327; x_wconf 85' lang='lat' dir='ltr'><strong>si</strong></span> <span class='ocrx_word' id='word_1_307' title='bbox 686 4270 777 4336; x_wconf 76' lang='lat' dir='ltr'><strong>cttrrri</strong></span> <span class='ocrx_word' id='word_1_308' title='bbox 797 4267 889 4323; x_wconf 87' lang='lat' dir='ltr'><strong>velint.</strong></span> <span class='ocrx_word' id='word_1_309' title='bbox 912 4264 1051 4321; x_wconf 89' lang='lat' dir='ltr'><strong>lntendant</strong></span> <span class='ocrx_word' id='word_1_310' title='bbox 1066 4278 1145 4334; x_wconf 79' lang='lat' dir='ltr'><strong>erqo,</strong></span> <span class='ocrx_word' id='word_1_311' title='bbox 1162 4269 1189 4316; x_wconf 91' lang='lat' dir='ltr'><strong>ct</strong></span> <span class='ocrx_word' id='word_1_312' title='bbox 1203 4269 1340 4316; x_wconf 89' lang='lat' dir='ltr'><strong>curentur.</strong></span> 
     </span>
     <span class='ocr_line' id='line_1_39' title="bbox 550 4354 1343 4436; baseline -0.019 -16"><span class='ocrx_word' id='word_1_313' title='bbox 550 4365 637 4436; x_wconf 74' lang='lat' dir='ltr'><strong>dique</strong></span> <span class='ocrx_word' id='word_1_314' title='bbox 658 4363 757 4418; x_wconf 88' lang='lat' dir='ltr'><strong>utinam</strong></span> <span class='ocrx_word' id='word_1_315' title='bbox 772 4361 798 4415; x_wconf 94' lang='lat' dir='ltr'><strong>in</strong></span> <span class='ocrx_word' id='word_1_316' title='bbox 819 4360 869 4414; x_wconf 89' lang='lat' dir='ltr'><strong>ltac</strong></span> <span class='ocrx_word' id='word_1_317' title='bbox 890 4354 1058 4413; x_wconf 87' lang='lat' dir='ltr'><strong>multitudine</strong></span> <span class='ocrx_word' id='word_1_318' title='bbox 1077 4363 1130 4409; x_wconf 91' lang='lat' dir='ltr'><strong>tota</strong></span> <span class='ocrx_word' id='word_1_319' title='bbox 1144 4369 1203 4423; x_wconf 82' lang='lat' dir='ltr'><strong>qnae</strong></span> <span class='ocrx_word' id='word_1_320' title='bbox 1218 4365 1287 4406; x_wconf 85' lang='lat' dir='ltr'><strong>nnnc</strong></span> <span class='ocrx_word' id='word_1_321' title='bbox 1301 4358 1343 4406; x_wconf 86' lang='lat' dir='ltr'><strong>est</strong></span> 
     </span>
     <span class='ocr_line' id='line_1_40' title="bbox 548 4443 1340 4526; baseline -0.023 -12"><span class='ocrx_word' id='word_1_322' title='bbox 548 4459 620 4515; x_wconf 90' lang='lat' dir='ltr'><strong>lnter</strong></span> <span class='ocrx_word' id='word_1_323' title='bbox 634 4458 699 4512; x_wconf 90' lang='lat' dir='ltr'><strong>istos</strong></span> <span class='ocrx_word' id='word_1_324' title='bbox 713 4455 837 4526; x_wconf 79' lang='lat' dir='ltr'><strong>parietes,</strong></span> <span class='ocrx_word' id='word_1_325' title='bbox 851 4462 879 4508; x_wconf 93' lang='lat' dir='ltr'><strong>et</strong></span> <span class='ocrx_word' id='word_1_326' title='bbox 892 4450 966 4506; x_wconf 89' lang='lat' dir='ltr'><strong>andit</strong></span> <span class='ocrx_word' id='word_1_327' title='bbox 980 4465 1027 4519; x_wconf 89' lang='lat' dir='ltr'><strong>pcr</strong></span> <span class='ocrx_word' id='word_1_328' title='bbox 1040 4463 1089 4503; x_wconf 89' lang='lat' dir='ltr'><strong>nos</strong></span> <span class='ocrx_word' id='word_1_329' title='bbox 1100 4447 1211 4502; x_wconf 84' lang='lat' dir='ltr'><strong>verbnm</strong></span> <span class='ocrx_word' id='word_1_330' title='bbox 1225 4443 1340 4511; x_wconf 86' lang='lat' dir='ltr'><strong>Domini,</strong></span> 
     </span>
     <span class='ocr_line' id='line_1_41' title="bbox 548 4533 1341 4611; baseline -0.021 -6"><span class='ocrx_word' id='word_1_331' title='bbox 548 4549 622 4605; x_wconf 81' lang='lat' dir='ltr'><strong>trulla</strong></span> <span class='ocrx_word' id='word_1_332' title='bbox 642 4549 696 4602; x_wconf 90' lang='lat' dir='ltr'><strong>sint</strong></span> <span class='ocrx_word' id='word_1_333' title='bbox 717 4545 779 4600; x_wconf 88' lang='lat' dir='ltr'><strong>talia</strong></span> <span class='ocrx_word' id='word_1_334' title='bbox 792 4544 901 4598; x_wconf 82' lang='lat' dir='ltr'><strong>rnlnera</strong></span> <span class='ocrx_word' id='word_1_335' title='bbox 921 4547 1139 4611; x_wconf 80' lang='lat' dir='ltr'><strong>qnaeeurentur;</strong></span> <span class='ocrx_word' id='word_1_336' title='bbox 1155 4535 1254 4589; x_wconf 91' lang='lat' dir='ltr'><strong>utinam</strong></span> <span class='ocrx_word' id='word_1_337' title='bbox 1271 4533 1341 4588; x_wconf 86' lang='lat' dir='ltr'><strong>nulla</strong></span> 
     </span>
     <span class='ocr_line' id='line_1_42' title="bbox 549 4623 1341 4702; baseline -0.024 -6"><span class='ocrx_word' id='word_1_338' title='bbox 549 4641 613 4696; x_wconf 88' lang='lat' dir='ltr'><strong>sint.</strong></span> <span class='ocrx_word' id='word_1_339' title='bbox 629 4638 687 4693; x_wconf 88' lang='lat' dir='ltr'><strong>Non</strong></span> <span class='ocrx_word' id='word_1_340' title='bbox 708 4647 796 4691; x_wconf 84' lang='lat' dir='ltr'><strong>tamen</strong></span> <span class='ocrx_word' id='word_1_341' title='bbox 812 4648 868 4689; x_wconf 92' lang='lat' dir='ltr'><strong>rem</strong></span> <span class='ocrx_word' id='word_1_342' title='bbox 882 4630 1043 4702; x_wconf 79' lang='lat' dir='ltr'><strong>superfluam</strong></span> <span class='ocrx_word' id='word_1_343' title='bbox 1062 4628 1174 4682; x_wconf 85' lang='lat' dir='ltr'><strong>lacimns</strong></span> <span class='ocrx_word' id='word_1_344' title='bbox 1191 4625 1301 4689; x_wconf 86' lang='lat' dir='ltr'><strong>dicere,</strong></span> <span class='ocrx_word' id='word_1_345' title='bbox 1319 4623 1341 4678; x_wconf 88' lang='lat' dir='ltr'><strong>si</strong></span> 
     </span>
     <span class='ocr_line' id='line_1_43' title="bbox 481 4714 1341 4783; baseline -0.017 2"><span class='ocrx_word' id='word_1_346' title='bbox 481 4727 490 4743; x_wconf 77' lang='lat'><strong>⁹</strong></span> <span class='ocrx_word' id='word_1_347' title='bbox 548 4729 622 4783; x_wconf 89' lang='lat' dir='ltr'><strong>nulla</strong></span> <span class='ocrx_word' id='word_1_348' title='bbox 637 4728 672 4782; x_wconf 88' lang='lat' dir='ltr'><strong>ibi</strong></span> <span class='ocrx_word' id='word_1_349' title='bbox 686 4725 873 4780; x_wconf 82' lang='lat' dir='ltr'><strong>suntvulncra.</strong></span> <span class='ocrx_word' id='word_1_350' title='bbox 890 4723 1056 4776; x_wconf 87' lang='lat' dir='ltr'><strong>lnstruantnr</strong></span> <span class='ocrx_word' id='word_1_351' title='bbox 1067 4716 1147 4772; x_wconf 81' lang='lat' dir='ltr'><strong>corda</strong></span> <span class='ocrx_word' id='word_1_352' title='bbox 1161 4716 1193 4771; x_wconf 91' lang='lat' dir='ltr'><strong>ad</strong></span> <span class='ocrx_word' id='word_1_353' title='bbox 1209 4714 1341 4770; x_wconf 82' lang='lat' dir='ltr'><strong>sanandos</strong></span> 
     </span>
     <span class='ocr_line' id='line_1_44' title="bbox 550 4801 1340 4883; baseline -0.018 -10"><span class='ocrx_word' id='word_1_354' title='bbox 550 4821 634 4883; x_wconf 88' lang='lat' dir='ltr'><strong>ulios,</strong></span> <span class='ocrx_word' id='word_1_355' title='bbox 655 4832 714 4872; x_wconf 87' lang='lat' dir='ltr'><strong>cnm</strong></span> <span class='ocrx_word' id='word_1_356' title='bbox 733 4812 826 4869; x_wconf 82' lang='lat' dir='ltr'><strong>rrnlirc</strong></span> <span class='ocrx_word' id='word_1_357' title='bbox 846 4813 906 4867; x_wconf 86' lang='lat' dir='ltr'><strong>talia</strong></span> <span class='ocrx_word' id='word_1_358' title='bbox 926 4811 1065 4880; x_wconf 83' lang='lat' dir='ltr'><strong>coeperint.</strong></span> <span class='ocrx_word' id='word_1_359' title='bbox 1086 4808 1171 4864; x_wconf 83' lang='lat' dir='ltr'><strong>Credo</strong></span> <span class='ocrx_word' id='word_1_360' title='bbox 1190 4808 1261 4862; x_wconf 87' lang='lat' dir='ltr'><strong>enim</strong></span> <span class='ocrx_word' id='word_1_361' title='bbox 1280 4801 1340 4877; x_wconf 80' lang='lat' dir='ltr'><strong>qnia</strong></span> 
     </span>
     <span class='ocr_line' id='line_1_45' title="bbox 548 4897 1340 4977; baseline -0.014 -14"><span class='ocrx_word' id='word_1_362' title='bbox 548 4907 733 4977; x_wconf 75' lang='lat' dir='ltr'><strong>uniusquisque</strong></span> <span class='ocrx_word' id='word_1_363' title='bbox 747 4904 928 4966; x_wconf 77' lang='lat' dir='ltr'><strong>christianus,</strong></span> <span class='ocrx_word' id='word_1_364' title='bbox 948 4916 1007 4956; x_wconf 92' lang='lat' dir='ltr'><strong>cmn</strong></span> <span class='ocrx_word' id='word_1_365' title='bbox 1024 4900 1136 4955; x_wconf 85' lang='lat' dir='ltr'><strong>audierit</strong></span> <span class='ocrx_word' id='word_1_366' title='bbox 1149 4899 1264 4968; x_wconf 79' lang='lat' dir='ltr'><strong>aliquem</strong></span> <span class='ocrx_word' id='word_1_367' title='bbox 1279 4897 1340 4952; x_wconf 84' lang='lat' dir='ltr'><strong>talia</strong></span> 
     </span>
     <span class='ocr_line' id='line_1_46' title="bbox 546 4990 1341 5062; baseline -0.018 -5"><span class='ocrx_word' id='word_1_368' title='bbox 546 5002 700 5062; x_wconf 83' lang='lat' dir='ltr'><strong>dicentem,</strong></span> <span class='ocrx_word' id='word_1_369' title='bbox 715 4999 735 5052; x_wconf 86' lang='lat' dir='ltr'><strong>si</strong></span> <span class='ocrx_word' id='word_1_370' title='bbox 751 4998 837 5053; x_wconf 88' lang='lat' dir='ltr'><strong>bonus</strong></span> <span class='ocrx_word' id='word_1_371' title='bbox 850 4995 935 5051; x_wconf 86' lang='lat' dir='ltr'><strong>bdelis</strong></span> <span class='ocrx_word' id='word_1_372' title='bbox 948 5003 999 5056; x_wconf 73' lang='lat' dir='ltr'><strong>est,</strong></span> <span class='ocrx_word' id='word_1_373' title='bbox 1013 5001 1040 5048; x_wconf 85' lang='lat' dir='ltr'><strong>et</strong></span> <span class='ocrx_word' id='word_1_374' title='bbox 1052 4992 1120 5047; x_wconf 88' lang='lat' dir='ltr'><strong>bene</strong></span> <span class='ocrx_word' id='word_1_375' title='bbox 1131 4991 1215 5046; x_wconf 88' lang='lat' dir='ltr'><strong>credit</strong></span> <span class='ocrx_word' id='word_1_376' title='bbox 1230 4990 1299 5054; x_wconf 89' lang='lat' dir='ltr'><strong>tteo,</strong></span> <span class='ocrx_word' id='word_1_377' title='bbox 1313 4999 1341 5045; x_wconf 90' lang='lat' dir='ltr'><strong>ct</strong></span> 
     </span>
     <span class='ocr_line' id='line_1_47' title="bbox 546 5083 1339 5162; baseline -0.018 -14"><span class='ocrx_word' id='word_1_378' title='bbox 546 5106 613 5162; x_wconf 82' lang='lat' dir='ltr'><strong>spes</strong></span> <span class='ocrx_word' id='word_1_379' title='bbox 626 5091 684 5161; x_wconf 81' lang='lat' dir='ltr'><strong>ejus</strong></span> <span class='ocrx_word' id='word_1_380' title='bbox 697 5099 739 5144; x_wconf 90' lang='grc' dir='ltr'><strong>εει</strong></span> <span class='ocrx_word' id='word_1_381' title='bbox 753 5090 778 5144; x_wconf 90' lang='lat' dir='ltr'><strong>in</strong></span> <span class='ocrx_word' id='word_1_382' title='bbox 794 5088 883 5143; x_wconf 81' lang='lat' dir='ltr'><strong>lutino</strong></span> <span class='ocrx_word' id='word_1_383' title='bbox 897 5084 1007 5151; x_wconf 77' lang='lat' dir='ltr'><strong>secuto,</strong></span> <span class='ocrx_word' id='word_1_384' title='bbox 1020 5098 1072 5138; x_wconf 93' lang='lat' dir='ltr'><strong>non</strong></span> <span class='ocrx_word' id='word_1_385' title='bbox 1087 5083 1113 5137; x_wconf 95' lang='lat' dir='ltr'><strong>in</strong></span> <span class='ocrx_word' id='word_1_386' title='bbox 1128 5083 1177 5137; x_wconf 88' lang='lat' dir='ltr'><strong>bae</strong></span> <span class='ocrx_word' id='word_1_387' title='bbox 1189 5091 1270 5146; x_wconf 81' lang='lat' dir='ltr'><strong>terra,</strong></span> <span class='ocrx_word' id='word_1_388' title='bbox 1286 5095 1339 5135; x_wconf 92' lang='lat' dir='ltr'><strong>non</strong></span> 
     </span>
     <span class='ocr_line' id='line_1_48' title="bbox 547 5174 1340 5246; baseline -0.018 -6"><span class='ocrx_word' id='word_1_389' title='bbox 547 5185 578 5240; x_wconf 90' lang='lat' dir='ltr'><strong>in</strong></span> <span class='ocrx_word' id='word_1_390' title='bbox 599 5183 648 5239; x_wconf 88' lang='lat' dir='ltr'><strong>bne</strong></span> <span class='ocrx_word' id='word_1_391' title='bbox 667 5183 720 5237; x_wconf 88' lang='lat' dir='ltr'><strong>vita</strong></span> <span class='ocrx_word' id='word_1_392' title='bbox 737 5191 794 5246; x_wconf 85' lang='lat' dir='ltr'><strong>est,</strong></span> <span class='ocrx_word' id='word_1_393' title='bbox 816 5189 843 5236; x_wconf 87' lang='lat' dir='ltr'><strong>et</strong></span> <span class='ocrx_word' id='word_1_394' title='bbox 861 5194 914 5234; x_wconf 92' lang='lat' dir='ltr'><strong>non</strong></span> <span class='ocrx_word' id='word_1_395' title='bbox 930 5177 1026 5232; x_wconf 82' lang='lat' dir='ltr'><strong>trustra</strong></span> <span class='ocrx_word' id='word_1_396' title='bbox 1045 5174 1119 5231; x_wconf 91' lang='lat' dir='ltr'><strong>audit</strong></span> <span class='ocrx_word' id='word_1_397' title='bbox 1133 5182 1162 5228; x_wconf 90' lang='lat' dir='ltr'><strong>ut</strong></span> <span class='ocrx_word' id='word_1_398' title='bbox 1175 5189 1279 5227; x_wconf 85' lang='lat' dir='ltr'><strong>snrsnm</strong></span> <span class='ocrx_word' id='word_1_399' title='bbox 1293 5186 1340 5226; x_wconf 89' lang='lat' dir='ltr'><strong>cor</strong></span> 
     </span>
     <span class='ocr_line' id='line_1_49' title="bbox 546 5260 1340 5339; baseline -0.02 -9"><span class='ocrx_word' id='word_1_400' title='bbox 546 5274 666 5339; x_wconf 61' lang='lat' dir='ltr'><strong>babeam</strong></span> <span class='ocrx_word' id='word_1_401' title='bbox 687 5272 779 5326; x_wconf 88' lang='lat' dir='ltr'><strong>irridet</strong></span> <span class='ocrx_word' id='word_1_402' title='bbox 800 5278 827 5326; x_wconf 92' lang='lat' dir='ltr'><strong>et</strong></span> <span class='ocrx_word' id='word_1_403' title='bbox 843 5269 916 5324; x_wconf 88' lang='lat' dir='ltr'><strong>dolet</strong></span> <span class='ocrx_word' id='word_1_404' title='bbox 929 5267 990 5322; x_wconf 86' lang='lat' dir='ltr'><strong>talia</strong></span> <span class='ocrx_word' id='word_1_405' title='bbox 1008 5272 1222 5328; x_wconf 86' lang='lat' dir='ltr'><strong>murmurantes,</strong></span> <span class='ocrx_word' id='word_1_406' title='bbox 1238 5270 1265 5316; x_wconf 87' lang='lat' dir='ltr'><strong>et</strong></span> <span class='ocrx_word' id='word_1_407' title='bbox 1277 5260 1340 5315; x_wconf 89' lang='lat' dir='ltr'><strong>dicit</strong></span> 
     </span>
     <span class='ocr_line' id='line_1_50' title="bbox 546 5359 1339 5430; baseline -0.018 -9"><span class='ocrx_word' id='word_1_408' title='bbox 546 5364 600 5421; x_wconf 79' lang='lat' dir='ltr'><strong>riti</strong></span> <span class='ocrx_word' id='word_1_409' title='bbox 616 5363 709 5420; x_wconf 71' lang='lat' dir='ltr'><strong>:item</strong></span> <span class='ocrx_word' id='word_1_410' title='bbox 725 5361 797 5416; x_wconf 90' lang='lat' dir='ltr'><strong>norit</strong></span> <span class='ocrx_word' id='word_1_411' title='bbox 810 5359 872 5430; x_wconf 89' lang='lat' dir='ltr'><strong>qnid</strong></span> <span class='ocrx_word' id='word_1_412' title='bbox 886 5366 962 5428; x_wconf 77' lang='lat' dir='ltr'><strong>apat,</strong></span> <span class='ocrx_word' id='word_1_413' title='bbox 977 5372 1026 5411; x_wconf 84' lang='lat' dir='ltr'><strong>nos</strong></span> <span class='ocrx_word' id='word_1_414' title='bbox 1038 5371 1090 5410; x_wconf 90' lang='lat' dir='ltr'><strong>non</strong></span> <span class='ocrx_word' id='word_1_415' title='bbox 1107 5367 1247 5425; x_wconf 87' lang='lat' dir='ltr'><strong>possumus</strong></span> <span class='ocrx_word' id='word_1_416' title='bbox 1261 5366 1339 5407; x_wconf 88' lang='lat' dir='ltr'><strong>nosse</strong></span> 
     </span>
     <span class='ocr_line' id='line_1_51' title="bbox 545 5441 1338 5523; baseline -0.023 -10"><span class='ocrx_word' id='word_1_417' title='bbox 545 5456 689 5513; x_wconf 81' lang='lat' dir='ltr'><strong>eonsilium</strong></span> <span class='ocrx_word' id='word_1_418' title='bbox 709 5453 791 5523; x_wconf 86' lang='lat' dir='ltr'><strong>ipsius</strong></span> <span class='ocrx_word' id='word_1_419' title='bbox 803 5495 809 5514; x_wconf 88' lang='lat'><strong>,</strong></span> <span class='ocrx_word' id='word_1_420' title='bbox 823 5465 906 5522; x_wconf 88' lang='lat' dir='ltr'><strong>quare</strong></span> <span class='ocrx_word' id='word_1_421' title='bbox 919 5448 1004 5519; x_wconf 87' lang='lat' dir='ltr'><strong>parcit</strong></span> <span class='ocrx_word' id='word_1_422' title='bbox 1017 5448 1093 5502; x_wconf 87' lang='lat' dir='ltr'><strong>malis</strong></span> <span class='ocrx_word' id='word_1_423' title='bbox 1107 5445 1142 5500; x_wconf 83' lang='lat' dir='ltr'><strong>ltd</strong></span> <span class='ocrx_word' id='word_1_424' title='bbox 1158 5453 1281 5514; x_wconf 87' lang='lat' dir='ltr'><strong>tempus,</strong></span> <span class='ocrx_word' id='word_1_425' title='bbox 1296 5441 1338 5497; x_wconf 85' lang='lat' dir='ltr'><strong>vel</strong></span> 
     </span>
     <span class='ocr_line' id='line_1_52' title="bbox 545 5537 1338 5619; baseline -0.021 -14"><span class='ocrx_word' id='word_1_426' title='bbox 545 5563 632 5619; x_wconf 74' lang='lat' dir='ltr'><strong>quero</strong></span> <span class='ocrx_word' id='word_1_427' title='bbox 650 5547 771 5602; x_wconf 89' lang='lat' dir='ltr'><strong>laborant</strong></span> <span class='ocrx_word' id='word_1_428' title='bbox 790 5543 851 5598; x_wconf 90' lang='lat' dir='ltr'><strong>boni</strong></span> <span class='ocrx_word' id='word_1_429' title='bbox 870 5541 903 5596; x_wconf 91' lang='lat' dir='ltr'><strong>ad</strong></span> <span class='ocrx_word' id='word_1_430' title='bbox 923 5549 1044 5610; x_wconf 88' lang='lat' dir='ltr'><strong>tempns;</strong></span> <span class='ocrx_word' id='word_1_431' title='bbox 1061 5537 1159 5593; x_wconf 87' lang='lat' dir='ltr'><strong>sullicit</strong></span> <span class='ocrx_word' id='word_1_432' title='bbox 1170 5537 1234 5590; x_wconf 90' lang='lat' dir='ltr'><strong>mibi</strong></span> <span class='ocrx_word' id='word_1_433' title='bbox 1250 5544 1338 5590; x_wconf 88' lang='lat' dir='ltr'><strong>tamen</strong></span> 
     </span>
     <span class='ocr_line' id='line_1_53' title="bbox 547 5625 1339 5706; baseline -0.016 -13"><span class='ocrx_word' id='word_1_434' title='bbox 547 5639 598 5693; x_wconf 82' lang='lat' dir='ltr'><strong>lrot</strong></span> <span class='ocrx_word' id='word_1_435' title='bbox 612 5639 691 5702; x_wconf 84' lang='lat' dir='ltr'><strong>seire,</strong></span> <span class='ocrx_word' id='word_1_436' title='bbox 704 5636 764 5706; x_wconf 85' lang='lat' dir='ltr'><strong>quia</strong></span> <span class='ocrx_word' id='word_1_437' title='bbox 777 5642 804 5688; x_wconf 90' lang='lat' dir='ltr'><strong>ct</strong></span> <span class='ocrx_word' id='word_1_438' title='bbox 815 5632 849 5688; x_wconf 92' lang='lat' dir='ltr'><strong>ad</strong></span> <span class='ocrx_word' id='word_1_439' title='bbox 861 5642 965 5700; x_wconf 84' lang='lat' dir='ltr'><strong>tempus</strong></span> <span class='ocrx_word' id='word_1_440' title='bbox 975 5630 1074 5684; x_wconf 89' lang='lat' dir='ltr'><strong>laborat</strong></span> <span class='ocrx_word' id='word_1_441' title='bbox 1085 5629 1178 5693; x_wconf 88' lang='lat' dir='ltr'><strong>bouns,</strong></span> <span class='ocrx_word' id='word_1_442' title='bbox 1191 5625 1260 5681; x_wconf 84' lang='lat' dir='ltr'><strong>etad</strong></span> <span class='ocrx_word' id='word_1_443' title='bbox 1272 5635 1339 5681; x_wconf 83' lang='lat' dir='ltr'><strong>tcm-</strong></span> 
     </span>
     <span class='ocr_line' id='line_1_54' title="bbox 546 5719 1340 5796; baseline -0.014 -14"><span class='ocrx_word' id='word_1_444' title='bbox 546 5726 695 5796; x_wconf 86' lang='lat' dir='ltr'><strong>pm·lloret</strong></span> <span class='ocrx_word' id='word_1_445' title='bbox 713 5725 808 5780; x_wconf 84' lang='lat' dir='ltr'><strong>mains.</strong></span> <span class='ocrx_word' id='word_1_446' title='bbox 826 5722 876 5790; x_wconf 85' lang='lat' dir='ltr'><strong>Qni</strong></span> <span class='ocrx_word' id='word_1_447' title='bbox 888 5736 952 5790; x_wconf 75' lang='lat' dir='ltr'><strong>ergo</strong></span> <span class='ocrx_word' id='word_1_448' title='bbox 965 5719 1027 5774; x_wconf 85' lang='lat' dir='ltr'><strong>talis</strong></span> <span class='ocrx_word' id='word_1_449' title='bbox 1040 5728 1099 5785; x_wconf 85' lang='lat' dir='ltr'><strong>est,</strong></span> <span class='ocrx_word' id='word_1_450' title='bbox 1115 5726 1297 5782; x_wconf 73' lang='lat' dir='ltr'><strong>succrescet,</strong></span> <span class='ocrx_word' id='word_1_451' title='bbox 1313 5726 1340 5771; x_wconf 81' lang='lat' dir='ltr'><strong>et</strong></span> 
     </span>
     <span class='ocr_line' id='line_1_55' title="bbox 546 5811 1339 5891; baseline -0.01 -17"><span class='ocrx_word' id='word_1_452' title='bbox 546 5820 683 5891; x_wconf 75' lang='lat' dir='ltr'><strong>patienter</strong></span> <span class='ocrx_word' id='word_1_453' title='bbox 702 5820 751 5875; x_wconf 83' lang='lat' dir='ltr'><strong>lert</strong></span> <span class='ocrx_word' id='word_1_454' title='bbox 765 5833 858 5874; x_wconf 86' lang='lat' dir='ltr'><strong>omnes</strong></span> <span class='ocrx_word' id='word_1_455' title='bbox 872 5815 1012 5872; x_wconf 76' lang='lat' dir='ltr'><strong>felicitates</strong></span> <span class='ocrx_word' id='word_1_456' title='bbox 1030 5814 1180 5880; x_wconf 81' lang='lat' dir='ltr'><strong>malornm,</strong></span> <span class='ocrx_word' id='word_1_457' title='bbox 1195 5820 1222 5868; x_wconf 86' lang='lat' dir='ltr'><strong>et</strong></span> <span class='ocrx_word' id='word_1_458' title='bbox 1235 5811 1339 5867; x_wconf 87' lang='lat' dir='ltr'><strong>labores</strong></span> 
     </span>
     <span class='ocr_line' id='line_1_56' title="bbox 548 5903 1339 5982; baseline -0.011 -15"><span class='ocrx_word' id='word_1_459' title='bbox 548 5910 681 5966; x_wconf 73' lang='lat' dir='ltr'><strong>lmoornm</strong></span> <span class='ocrx_word' id='word_1_460' title='bbox 703 5911 833 5982; x_wconf 76' lang='lat' dir='ltr'><strong>patienter</strong></span> <span class='ocrx_word' id='word_1_461' title='bbox 852 5909 920 5974; x_wconf 86' lang='lat' dir='ltr'><strong>lert,</strong></span> <span class='ocrx_word' id='word_1_462' title='bbox 943 5908 1056 5972; x_wconf 79' lang='lat' dir='ltr'><strong>tolerat,</strong></span> <span class='ocrx_word' id='word_1_463' title='bbox 1071 5906 1157 5961; x_wconf 86' lang='lat' dir='ltr'><strong>donec</strong></span> <span class='ocrx_word' id='word_1_464' title='bbox 1170 5904 1276 5960; x_wconf 82' lang='lat' dir='ltr'><strong>liniatur</strong></span> <span class='ocrx_word' id='word_1_465' title='bbox 1288 5903 1339 5958; x_wconf 88' lang='lat' dir='ltr'><strong>boc</strong></span> 
     </span>
     <span class='ocr_line' id='line_1_57' title="bbox 544 5994 1339 6069; baseline -0.015 -9"><span class='ocrx_word' id='word_1_466' title='bbox 544 6001 697 6067; x_wconf 63' lang='lat' dir='ltr'><strong>eaettlnm,</strong></span> <span class='ocrx_word' id='word_1_467' title='bbox 716 6001 801 6056; x_wconf 85' lang='lat' dir='ltr'><strong>donec</strong></span> <span class='ocrx_word' id='word_1_468' title='bbox 819 6010 936 6055; x_wconf 76' lang='lat' dir='ltr'><strong>transeat</strong></span> <span class='ocrx_word' id='word_1_469' title='bbox 950 5997 1084 6069; x_wconf 77' lang='lat' dir='ltr'><strong>iniquitas.</strong></span> <span class='ocrx_word' id='word_1_470' title='bbox 1099 5995 1158 6052; x_wconf 84' lang='lat' dir='ltr'><strong>lam</strong></span> <span class='ocrx_word' id='word_1_471' title='bbox 1173 5996 1232 6050; x_wconf 81' lang='lat' dir='ltr'><strong>talis</strong></span> <span class='ocrx_word' id='word_1_472' title='bbox 1245 5994 1339 6049; x_wconf 72' lang='lat' dir='ltr'><strong>beatus</strong></span> 
     </span>
     <span class='ocr_line' id='line_1_58' title="bbox 584 6085 1339 6203; baseline -0.001 -63"><span class='ocrx_word' id='word_1_473' title='bbox 584 6092 679 6203; x_wconf 55' lang='lat' dir='ltr'><strong>luz..</strong></span> <span class='ocrx_word' id='word_1_474' title='bbox 695 6090 718 6142; x_wconf 75' lang='lat' dir='ltr'><strong>ai</strong></span> <span class='ocrx_word' id='word_1_475' title='bbox 735 6092 793 6154; x_wconf 77' lang='lat' dir='ltr'><strong>qud</strong></span> <span class='ocrx_word' id='word_1_476' title='bbox 809 6091 877 6144; x_wconf 74' lang='lat' dir='ltr'><strong>alieti</strong></span> <span class='ocrx_word' id='word_1_477' title='bbox 899 6091 1080 6157; x_wconf 70' lang='lat' dir='ltr'><strong>pestitcaeiett&#39;</strong></span> <span class='ocrx_word' id='word_1_478' title='bbox 1096 6085 1339 6153; x_wconf 55' lang='lat' dir='ltr'><strong>manderem</strong></span> 
     </span>
    </p>
   </div>
   <div class='ocr_carea' id='block_1_4' title="bbox 545 6152 770 6278">
    <p class='ocr_par' dir='ltr' id='par_1_5' title="bbox 545 6152 770 6278">
     <span class='ocr_line' id='line_1_59' title="bbox 545 6152 770 6278; baseline -0.009 -10"><span class='ocrx_word' id='word_1_479' title='bbox 545 6152 671 6278; x_wconf 40' lang='grc' dir='ltr'><strong>ηιξ,</strong></span> <span class='ocrx_word' id='word_1_480' title='bbox 681 6211 770 6266; x_wconf 73' lang='lat' dir='ltr'><strong>reite</strong></span> 
     </span>
    </p>
   </div>
   <div class='ocr_carea' id='block_1_5' title="bbox 1111 776 1528 840">
    <p class='ocr_par' dir='ltr' id='par_1_6' title="bbox 1111 776 1528 840">
     <span class='ocr_line' id='line_1_60' title="bbox 1111 776 1528 840; baseline -0.01 -2"><span class='ocrx_word' id='word_1_481' title='bbox 1111 781 1151 839; x_wconf 86' lang='lat' dir='ltr'><strong>·S.</strong></span> <span class='ocrx_word' id='word_1_482' title='bbox 1172 777 1357 840; x_wconf 62' lang='lat' dir='ltr'><strong>rtbcbs&#39;tm&#39;t</strong></span> <span class='ocrx_word' id='word_1_483' title='bbox 1378 776 1528 835; x_wconf 77' lang='lat' dir='ltr'><strong>tt‘tscurt</strong></span> 
     </span>
    </p>
   </div>
   <div class='ocr_carea' id='block_1_6' title="bbox 1394 783 2256 4794">
    <p class='ocr_par' dir='ltr' id='par_1_7' title="bbox 1396 783 2193 1332">
     <span class='ocr_line' id='line_1_61' title="bbox 2120 783 2191 841; baseline -0.056 0"><span class='ocrx_word' id='word_1_484' title='bbox 2120 783 2191 841; x_wconf 69' lang='lat' dir='ltr'><strong>tter</strong></span> 
     </span>
     <span class='ocr_line' id='line_1_62' title="bbox 1398 892 2193 969; baseline 0.006 -21"><span class='ocrx_word' id='word_1_485' title='bbox 1398 901 1458 960; x_wconf 85' lang='lat' dir='ltr'><strong>est,</strong></span> <span class='ocrx_word' id='word_1_486' title='bbox 1478 902 1505 950; x_wconf 86' lang='grc' dir='ltr'><strong>ει</strong></span> <span class='ocrx_word' id='word_1_487' title='bbox 1518 892 1633 950; x_wconf 90' lang='lat' dir='ltr'><strong>crudivit</strong></span> <span class='ocrx_word' id='word_1_488' title='bbox 1652 910 1712 950; x_wconf 94' lang='lat' dir='ltr'><strong>cmn</strong></span> <span class='ocrx_word' id='word_1_489' title='bbox 1731 897 1801 953; x_wconf 87' lang='lat' dir='ltr'><strong>llcus</strong></span> <span class='ocrx_word' id='word_1_490' title='bbox 1814 897 1848 954; x_wconf 92' lang='lat' dir='ltr'><strong>de</strong></span> <span class='ocrx_word' id='word_1_491' title='bbox 1860 899 1918 969; x_wconf 68' lang='lat' dir='ltr'><strong>loge</strong></span> <span class='ocrx_word' id='word_1_492' title='bbox 1933 913 2000 965; x_wconf 81' lang='lat' dir='ltr'><strong>srva,</strong></span> <span class='ocrx_word' id='word_1_493' title='bbox 2019 906 2045 953; x_wconf 91' lang='lat' dir='ltr'><strong>ct</strong></span> <span class='ocrx_word' id='word_1_494' title='bbox 2061 898 2193 968; x_wconf 75' lang='lat' dir='ltr'><strong>mitigavit</strong></span> 
     </span>
     <span class='ocr_line' id='line_1_63' title="bbox 1397 987 2191 1059; baseline 0.011 -20"><span class='ocrx_word' id='word_1_495' title='bbox 1397 999 1459 1040; x_wconf 89' lang='lat' dir='ltr'><strong>curn</strong></span> <span class='ocrx_word' id='word_1_496' title='bbox 1469 1001 1484 1039; x_wconf 80' lang='lat' dir='ltr'><strong>a</strong></span> <span class='ocrx_word' id='word_1_497' title='bbox 1495 987 1588 1042; x_wconf 89' lang='lat' dir='ltr'><strong>diebus</strong></span> <span class='ocrx_word' id='word_1_498' title='bbox 1599 988 1731 1059; x_wconf 83' lang='lat' dir='ltr'><strong>malignis,</strong></span> <span class='ocrx_word' id='word_1_499' title='bbox 1743 989 1828 1044; x_wconf 85' lang='lat' dir='ltr'><strong>donec</strong></span> <span class='ocrx_word' id='word_1_500' title='bbox 1839 991 1950 1044; x_wconf 86' lang='lat' dir='ltr'><strong>l&#39;odintm</strong></span> <span class='ocrx_word' id='word_1_501' title='bbox 1959 992 2091 1059; x_wconf 75' lang='lat' dir='ltr'><strong>peccatori</strong></span> <span class='ocrx_word' id='word_1_502' title='bbox 2102 991 2191 1048; x_wconf 83' lang='lat' dir='ltr'><strong>lorea.</strong></span> 
     </span>
     <span class='ocr_line' id='line_1_64' title="bbox 1397 1077 2193 1152; baseline 0.01 -23"><span class='ocrx_word' id='word_1_503' title='bbox 1397 1077 1448 1143; x_wconf 80' lang='lat' dir='ltr'><strong>Qui</strong></span> <span class='ocrx_word' id='word_1_504' title='bbox 1463 1093 1527 1133; x_wconf 87' lang='lat' dir='ltr'><strong>vcro</strong></span> <span class='ocrx_word' id='word_1_505' title='bbox 1540 1078 1656 1133; x_wconf 91' lang='lat' dir='ltr'><strong>nondum</strong></span> <span class='ocrx_word' id='word_1_506' title='bbox 1669 1089 1710 1134; x_wconf 89' lang='lat' dir='ltr'><strong>cst</strong></span> <span class='ocrx_word' id='word_1_507' title='bbox 1721 1081 1789 1146; x_wconf 89' lang='lat' dir='ltr'><strong>talis,</strong></span> <span class='ocrx_word' id='word_1_508' title='bbox 1801 1082 1890 1135; x_wconf 86' lang='lat' dir='ltr'><strong>audiat</strong></span> <span class='ocrx_word' id='word_1_509' title='bbox 1901 1097 1946 1151; x_wconf 92' lang='lat' dir='ltr'><strong>per</strong></span> <span class='ocrx_word' id='word_1_510' title='bbox 1960 1096 2007 1135; x_wconf 83' lang='lat' dir='ltr'><strong>nos</strong></span> <span class='ocrx_word' id='word_1_511' title='bbox 2019 1083 2088 1152; x_wconf 91' lang='lat' dir='ltr'><strong>qnod</strong></span> <span class='ocrx_word' id='word_1_512' title='bbox 2101 1082 2193 1138; x_wconf 84' lang='lat' dir='ltr'><strong>llonti·</strong></span> 
     </span>
     <span class='ocr_line' id='line_1_65' title="bbox 1400 1168 2193 1243; baseline 0.008 -20"><span class='ocrx_word' id='word_1_513' title='bbox 1400 1184 1435 1223; x_wconf 92' lang='lat' dir='ltr'><strong>no</strong></span> <span class='ocrx_word' id='word_1_514' title='bbox 1448 1168 1545 1239; x_wconf 84' lang='lat' dir='ltr'><strong>placet.</strong></span> <span class='ocrx_word' id='word_1_515' title='bbox 1560 1170 1639 1225; x_wconf 86' lang='lat' dir='ltr'><strong>Plura</strong></span> <span class='ocrx_word' id='word_1_516' title='bbox 1651 1181 1739 1226; x_wconf 84' lang='lat' dir='ltr'><strong>antem</strong></span> <span class='ocrx_word' id='word_1_517' title='bbox 1754 1172 1809 1242; x_wconf 89' lang='lat' dir='ltr'><strong>ipsc</strong></span> <span class='ocrx_word' id='word_1_518' title='bbox 1822 1172 1892 1228; x_wconf 91' lang='lat' dir='ltr'><strong>dicat</strong></span> <span class='ocrx_word' id='word_1_519' title='bbox 1902 1173 1927 1227; x_wconf 93' lang='lat' dir='ltr'><strong>in</strong></span> <span class='ocrx_word' id='word_1_520' title='bbox 1938 1172 2029 1237; x_wconf 88' lang='lat' dir='ltr'><strong>corde,</strong></span> <span class='ocrx_word' id='word_1_521' title='bbox 2040 1174 2084 1243; x_wconf 86' lang='lat' dir='ltr'><strong>qui</strong></span> <span class='ocrx_word' id='word_1_522' title='bbox 2095 1175 2193 1230; x_wconf 70' lang='lat' dir='ltr'><strong>medius</strong></span> 
     </span>
     <span class='ocr_line' id='line_1_66' title="bbox 1396 1261 1766 1332; baseline 0.008 -16"><span class='ocrx_word' id='word_1_523' title='bbox 1396 1261 1469 1318; x_wconf 86' lang='lat' dir='ltr'><strong>videt</strong></span> <span class='ocrx_word' id='word_1_524' title='bbox 1482 1263 1578 1318; x_wconf 88' lang='lat' dir='ltr'><strong>vulnus</strong></span> <span class='ocrx_word' id='word_1_525' title='bbox 1592 1263 1662 1332; x_wconf 90' lang='lat' dir='ltr'><strong>qnod</strong></span> <span class='ocrx_word' id='word_1_526' title='bbox 1680 1274 1766 1319; x_wconf 79' lang='lat' dir='ltr'><strong>curet.</strong></span> 
     </span>
    </p>

    <p class='ocr_par' dir='ltr' id='par_1_8' title="bbox 1394 1353 2256 4794">
     <span class='ocr_line' id='line_1_67' title="bbox 1433 1353 2191 1418; baseline 0.005 -10"><span class='ocrx_word' id='word_1_527' title='bbox 1433 1353 1460 1408; x_wconf 76' lang='grc'><strong>5.</strong></span> <span class='ocrx_word' id='word_1_528' title='bbox 1481 1353 1602 1408; x_wconf 82' lang='lat' dir='ltr'><strong>Psalmus</strong></span> <span class='ocrx_word' id='word_1_529' title='bbox 1617 1353 1687 1408; x_wconf 89' lang='lat' dir='ltr'><strong>bunc</strong></span> <span class='ocrx_word' id='word_1_530' title='bbox 1700 1354 1805 1409; x_wconf 88' lang='lat' dir='ltr'><strong>titulum</strong></span> <span class='ocrx_word' id='word_1_531' title='bbox 1818 1353 1908 1418; x_wconf 85' lang='lat' dir='ltr'><strong>babet,</strong></span> <span class='ocrx_word' id='word_1_532' title='bbox 1922 1353 1947 1407; x_wconf 93' lang='lat' dir='ltr'><strong>id</strong></span> <span class='ocrx_word' id='word_1_533' title='bbox 1961 1365 2000 1410; x_wconf 89' lang='lat' dir='ltr'><strong>cst</strong></span> <span class='ocrx_word' id='word_1_534' title='bbox 2015 1356 2083 1412; x_wconf 83' lang='lat' dir='ltr'><strong>banc</strong></span> <span class='ocrx_word' id='word_1_535' title='bbox 2095 1356 2191 1411; x_wconf 87' lang='lat' dir='ltr'><strong>inseri·</strong></span> 
     </span>
     <span class='ocr_line' id='line_1_68' title="bbox 1397 1444 2191 1517; baseline 0.005 -18"><span class='ocrx_word' id='word_1_536' title='bbox 1397 1445 1514 1515; x_wconf 87' lang='lat' dir='ltr'><strong>ptiunem</strong></span> <span class='ocrx_word' id='word_1_537' title='bbox 1531 1465 1538 1499; x_wconf 74' lang='grc' dir='ltr'>ε</span> <span class='ocrx_word' id='word_1_538' title='bbox 1554 1444 1673 1500; x_wconf 80' lang='grc' dir='ltr'>Ρεαὶιιιιιι</span> <span class='ocrx_word' id='word_1_539' title='bbox 1693 1448 1743 1517; x_wconf 82' lang='lat' dir='ltr'><strong>ipsi</strong></span> <span class='ocrx_word' id='word_1_540' title='bbox 1764 1447 1865 1513; x_wconf 85' lang='lat' dir='ltr'><strong>Dauid,</strong></span> <span class='ocrx_word' id='word_1_541' title='bbox 1885 1459 1976 1516; x_wconf 82' lang='lat' dir='ltr'><strong>quartu</strong></span> <span class='ocrx_word' id='word_1_542' title='bbox 1995 1448 2155 1504; x_wconf 76' lang='lat' dir='ltr'><strong>sabbatorum</strong></span> <span class='ocrx_word' id='word_1_543' title='bbox 2170 1452 2191 1503; x_wconf 86' lang='lat'><strong>¹.</strong></span> 
     </span>
     <span class='ocr_line' id='line_1_69' title="bbox 1396 1534 2192 1609; baseline 0.005 -20"><span class='ocrx_word' id='word_1_544' title='bbox 1396 1534 1528 1590; x_wconf 79' lang='lat' dir='ltr'><strong>{lortnrus</strong></span> <span class='ocrx_word' id='word_1_545' title='bbox 1544 1546 1585 1590; x_wconf 88' lang='grc' dir='ltr'><strong>εει</strong></span> <span class='ocrx_word' id='word_1_546' title='bbox 1598 1536 1715 1605; x_wconf 87' lang='lat' dir='ltr'><strong>psalmus</strong></span> <span class='ocrx_word' id='word_1_547' title='bbox 1728 1537 1777 1591; x_wconf 90' lang='lat' dir='ltr'><strong>iste</strong></span> <span class='ocrx_word' id='word_1_548' title='bbox 1793 1538 1944 1604; x_wconf 82' lang='lat' dir='ltr'><strong>patientiam</strong></span> <span class='ocrx_word' id='word_1_549' title='bbox 1958 1537 1984 1591; x_wconf 91' lang='lat' dir='ltr'><strong>in</strong></span> <span class='ocrx_word' id='word_1_550' title='bbox 1999 1538 2134 1593; x_wconf 80' lang='lat' dir='ltr'><strong>lnimribus</strong></span> <span class='ocrx_word' id='word_1_551' title='bbox 2145 1541 2192 1609; x_wconf 76' lang='lat' dir='ltr'><strong>in·</strong></span> 
     </span>
     <span class='ocr_line' id='line_1_70' title="bbox 1397 1627 2191 1699; baseline 0.008 -18"><span class='ocrx_word' id='word_1_552' title='bbox 1397 1634 1499 1681; x_wconf 87' lang='lat' dir='ltr'><strong>storum</strong></span> <span class='ocrx_word' id='word_1_553' title='bbox 1510 1645 1517 1681; x_wconf 75' lang='grc' dir='ltr'>ε</span> <span class='ocrx_word' id='word_1_554' title='bbox 1527 1637 1619 1681; x_wconf 87' lang='lat' dir='ltr'><strong>contra</strong></span> <span class='ocrx_word' id='word_1_555' title='bbox 1628 1628 1777 1698; x_wconf 90' lang='lat' dir='ltr'><strong>iniquorum</strong></span> <span class='ocrx_word' id='word_1_556' title='bbox 1790 1627 1928 1683; x_wconf 78' lang='lat' dir='ltr'><strong>tilicimtes</strong></span> <span class='ocrx_word' id='word_1_557' title='bbox 1938 1629 2090 1699; x_wconf 83' lang='lat' dir='ltr'><strong>patientiam</strong></span> <span class='ocrx_word' id='word_1_558' title='bbox 2099 1632 2191 1698; x_wconf 86' lang='lat' dir='ltr'><strong>docet,</strong></span> 
     </span>
     <span class='ocr_line' id='line_1_71' title="bbox 1395 1717 2192 1791; baseline 0.01 -21"><span class='ocrx_word' id='word_1_559' title='bbox 1395 1717 1551 1787; x_wconf 84' lang='lat' dir='ltr'><strong>patientiam</strong></span> <span class='ocrx_word' id='word_1_560' title='bbox 1564 1717 1684 1773; x_wconf 76' lang='lat' dir='ltr'><strong>aedilicat.</strong></span> <span class='ocrx_word' id='word_1_561' title='bbox 1698 1719 1753 1773; x_wconf 90' lang='lat' dir='ltr'><strong>lloc</strong></span> <span class='ocrx_word' id='word_1_562' title='bbox 1767 1718 1847 1774; x_wconf 84' lang='lat' dir='ltr'><strong>babet</strong></span> <span class='ocrx_word' id='word_1_563' title='bbox 1859 1728 1929 1774; x_wconf 88' lang='lat' dir='ltr'><strong>totus</strong></span> <span class='ocrx_word' id='word_1_564' title='bbox 1941 1734 1955 1773; x_wconf 86' lang='lat' dir='ltr'><strong>a</strong></span> <span class='ocrx_word' id='word_1_565' title='bbox 1967 1722 2055 1789; x_wconf 82' lang='lat' dir='ltr'><strong>enpite</strong></span> <span class='ocrx_word' id='word_1_566' title='bbox 2065 1737 2150 1791; x_wconf 88' lang='lat' dir='ltr'><strong>usque</strong></span> <span class='ocrx_word' id='word_1_567' title='bbox 2164 1724 2192 1778; x_wconf 94' lang='lat' dir='ltr'><strong>in</strong></span> 
     </span>
     <span class='ocr_line' id='line_1_72' title="bbox 1397 1808 2194 1882; baseline 0.006 -19"><span class='ocrx_word' id='word_1_568' title='bbox 1397 1808 1487 1864; x_wconf 86' lang='lat' dir='ltr'><strong>linem.</strong></span> <span class='ocrx_word' id='word_1_569' title='bbox 1503 1810 1590 1876; x_wconf 78' lang='lat' dir='ltr'><strong>Quare</strong></span> <span class='ocrx_word' id='word_1_570' title='bbox 1603 1825 1668 1880; x_wconf 76' lang='lat' dir='ltr'><strong>ergo</strong></span> <span class='ocrx_word' id='word_1_571' title='bbox 1679 1811 1759 1865; x_wconf 90' lang='lat' dir='ltr'><strong>talem</strong></span> <span class='ocrx_word' id='word_1_572' title='bbox 1769 1810 1850 1865; x_wconf 88' lang='lat' dir='ltr'><strong>babet</strong></span> <span class='ocrx_word' id='word_1_573' title='bbox 1863 1810 1977 1877; x_wconf 89' lang='lat' dir='ltr'><strong>titulum,</strong></span> <span class='ocrx_word' id='word_1_574' title='bbox 1991 1814 2018 1866; x_wconf 87' lang='lat' dir='ltr'><strong>in</strong></span> <span class='ocrx_word' id='word_1_575' title='bbox 2031 1823 2121 1882; x_wconf 79' lang='lat' dir='ltr'><strong>quarta</strong></span> <span class='ocrx_word' id='word_1_576' title='bbox 2133 1815 2194 1868; x_wconf 82' lang='lat' dir='ltr'><strong>mb-</strong></span> 
     </span>
     <span class='ocr_line' id='line_1_73' title="bbox 1398 1901 2193 1970; baseline 0.009 -15"><span class='ocrx_word' id='word_1_577' title='bbox 1398 1901 1449 1955; x_wconf 80' lang='lat' dir='ltr'><strong>lati</strong></span> <span class='ocrx_word' id='word_1_578' title='bbox 1458 1902 1471 1955; x_wconf 74' lang='lat' dir='ltr'><strong>i</strong></span> <span class='ocrx_word' id='word_1_579' title='bbox 1486 1901 1543 1958; x_wconf 83' lang='lat' dir='ltr'><strong>Una</strong></span> <span class='ocrx_word' id='word_1_580' title='bbox 1557 1903 1674 1970; x_wconf 80' lang='lat' dir='ltr'><strong>sabbati,</strong></span> <span class='ocrx_word' id='word_1_581' title='bbox 1689 1903 1746 1958; x_wconf 90' lang='lat' dir='ltr'><strong>dies</strong></span> <span class='ocrx_word' id='word_1_582' title='bbox 1760 1903 1909 1958; x_wconf 80' lang='lat' dir='ltr'><strong>dominicus</strong></span> <span class='ocrx_word' id='word_1_583' title='bbox 1924 1911 1982 1969; x_wconf 74' lang='lat' dir='ltr'><strong>est,</strong></span> <span class='ocrx_word' id='word_1_584' title='bbox 1998 1905 2114 1960; x_wconf 89' lang='lat' dir='ltr'><strong>secunda</strong></span> <span class='ocrx_word' id='word_1_585' title='bbox 2129 1907 2193 1962; x_wconf 78' lang='lat' dir='ltr'><strong>snb-</strong></span> 
     </span>
     <span class='ocr_line' id='line_1_74' title="bbox 1397 1991 2193 2063; baseline 0.003 -15"><span class='ocrx_word' id='word_1_586' title='bbox 1397 1991 1467 2057; x_wconf 81' lang='lat' dir='ltr'><strong>bart,</strong></span> <span class='ocrx_word' id='word_1_587' title='bbox 1482 1993 1598 2048; x_wconf 83' lang='lat' dir='ltr'><strong>secunda</strong></span> <span class='ocrx_word' id='word_1_588' title='bbox 1617 1993 1701 2059; x_wconf 84' lang='lat' dir='ltr'><strong>seria,</strong></span> <span class='ocrx_word' id='word_1_589' title='bbox 1717 2009 1795 2063; x_wconf 86' lang='lat' dir='ltr'><strong>quem</strong></span> <span class='ocrx_word' id='word_1_590' title='bbox 1809 1994 1951 2048; x_wconf 69' lang='lat' dir='ltr'><strong>saeculares</strong></span> <span class='ocrx_word' id='word_1_591' title='bbox 1963 1994 2032 2050; x_wconf 91' lang='lat' dir='ltr'><strong>diem</strong></span> <span class='ocrx_word' id='word_1_592' title='bbox 2048 1994 2130 2050; x_wconf 82' lang='lat' dir='ltr'><strong>Lnnae</strong></span> <span class='ocrx_word' id='word_1_593' title='bbox 2144 2011 2193 2050; x_wconf 90' lang='lat' dir='ltr'><strong>vo-</strong></span> 
     </span>
     <span class='ocr_line' id='line_1_75' title="bbox 1397 2083 2192 2156; baseline 0.011 -19"><span class='ocrx_word' id='word_1_594' title='bbox 1397 2091 1477 2149; x_wconf 90' lang='lat' dir='ltr'><strong>cant;</strong></span> <span class='ocrx_word' id='word_1_595' title='bbox 1490 2084 1567 2139; x_wconf 87' lang='lat' dir='ltr'><strong>tertia</strong></span> <span class='ocrx_word' id='word_1_596' title='bbox 1579 2083 1691 2150; x_wconf 78' lang='lat' dir='ltr'><strong>subbati,</strong></span> <span class='ocrx_word' id='word_1_597' title='bbox 1704 2086 1781 2140; x_wconf 88' lang='lat' dir='ltr'><strong>tertia</strong></span> <span class='ocrx_word' id='word_1_598' title='bbox 1792 2083 1869 2152; x_wconf 82' lang='lat' dir='ltr'><strong>lenia,</strong></span> <span class='ocrx_word' id='word_1_599' title='bbox 1881 2101 1959 2156; x_wconf 90' lang='lat' dir='ltr'><strong>quem</strong></span> <span class='ocrx_word' id='word_1_600' title='bbox 1970 2086 2040 2142; x_wconf 88' lang='lat' dir='ltr'><strong>diem</strong></span> <span class='ocrx_word' id='word_1_601' title='bbox 2052 2087 2087 2140; x_wconf 88' lang='lat' dir='ltr'><strong>illi</strong></span> <span class='ocrx_word' id='word_1_602' title='bbox 2098 2087 2192 2146; x_wconf 85' lang='lat' dir='ltr'><strong>llurtls</strong></span> 
     </span>
     <span class='ocr_line' id='line_1_76' title="bbox 1398 2171 2191 2246; baseline 0.01 -21"><span class='ocrx_word' id='word_1_603' title='bbox 1398 2181 1505 2228; x_wconf 77' lang='lat' dir='ltr'><strong>vocant.</strong></span> <span class='ocrx_word' id='word_1_604' title='bbox 1529 2174 1627 2242; x_wconf 85' lang='lat' dir='ltr'><strong>Quarta</strong></span> <span class='ocrx_word' id='word_1_605' title='bbox 1646 2189 1709 2245; x_wconf 78' lang='lat' dir='ltr'><strong>ergo</strong></span> <span class='ocrx_word' id='word_1_606' title='bbox 1729 2171 1917 2239; x_wconf 85' lang='lat' dir='ltr'><strong>sabbatorum,</strong></span> <span class='ocrx_word' id='word_1_607' title='bbox 1933 2184 2025 2246; x_wconf 82' lang='lat' dir='ltr'><strong>quarta</strong></span> <span class='ocrx_word' id='word_1_608' title='bbox 2040 2175 2125 2241; x_wconf 78' lang='lat' dir='ltr'><strong>scria,</strong></span> <span class='ocrx_word' id='word_1_609' title='bbox 2145 2177 2191 2246; x_wconf 90' lang='lat' dir='ltr'><strong>qni</strong></span> 
     </span>
     <span class='ocr_line' id='line_1_77' title="bbox 1399 2262 2191 2335; baseline 0.006 -17"><span class='ocrx_word' id='word_1_610' title='bbox 1399 2262 1522 2319; x_wconf 85' lang='lat' dir='ltr'><strong>llercurli</strong></span> <span class='ocrx_word' id='word_1_611' title='bbox 1536 2265 1594 2320; x_wconf 89' lang='lat' dir='ltr'><strong>dics</strong></span> <span class='ocrx_word' id='word_1_612' title='bbox 1606 2264 1730 2319; x_wconf 78' lang='lat' dir='ltr'><strong>dicituro</strong></span> <span class='ocrx_word' id='word_1_613' title='bbox 1744 2265 1876 2335; x_wconf 82' lang='lat' dir='ltr'><strong>Pagonis,</strong></span> <span class='ocrx_word' id='word_1_614' title='bbox 1892 2274 1919 2321; x_wconf 89' lang='lat' dir='ltr'><strong>et</strong></span> <span class='ocrx_word' id='word_1_615' title='bbox 1932 2281 1947 2320; x_wconf 85' lang='lat' dir='ltr'><strong>n</strong></span> <span class='ocrx_word' id='word_1_616' title='bbox 1960 2266 2049 2321; x_wconf 90' lang='lat' dir='ltr'><strong>multis</strong></span> <span class='ocrx_word' id='word_1_617' title='bbox 2059 2266 2191 2323; x_wconf 81' lang='lat' dir='ltr'><strong>christia·</strong></span> 
     </span>
     <span class='ocr_line' id='line_1_78' title="bbox 1397 2353 2188 2426; baseline 0.004 -17"><span class='ocrx_word' id='word_1_618' title='bbox 1397 2353 1440 2410; x_wconf 86' lang='lat' dir='ltr'><strong>nls</strong></span> <span class='ocrx_word' id='word_1_619' title='bbox 1460 2371 1466 2407; x_wconf 93' lang='lat'><strong>:</strong></span> <span class='ocrx_word' id='word_1_620' title='bbox 1486 2354 1533 2409; x_wconf 86' lang='lat' dir='ltr'><strong>sed</strong></span> <span class='ocrx_word' id='word_1_621' title='bbox 1548 2355 1697 2420; x_wconf 87' lang='lat' dir='ltr'><strong>nollenms;</strong></span> <span class='ocrx_word' id='word_1_622' title='bbox 1715 2364 1793 2424; x_wconf 88' lang='lat' dir='ltr'><strong>atque</strong></span> <span class='ocrx_word' id='word_1_623' title='bbox 1812 2355 1912 2410; x_wconf 87' lang='lat' dir='ltr'><strong>utinam</strong></span> <span class='ocrx_word' id='word_1_624' title='bbox 1926 2357 2078 2426; x_wconf 81' lang='lat' dir='ltr'><strong>corrigant,</strong></span> <span class='ocrx_word' id='word_1_625' title='bbox 2093 2366 2120 2412; x_wconf 91' lang='lat' dir='ltr'><strong>ct</strong></span> <span class='ocrx_word' id='word_1_626' title='bbox 2134 2373 2188 2412; x_wconf 88' lang='lat' dir='ltr'><strong>non</strong></span> 
     </span>
     <span class='ocr_line' id='line_1_79' title="bbox 1398 2443 2189 2519; baseline 0.006 -21"><span class='ocrx_word' id='word_1_627' title='bbox 1398 2443 1487 2498; x_wconf 87' lang='lat' dir='ltr'><strong>dicant</strong></span> <span class='ocrx_word' id='word_1_628' title='bbox 1505 2445 1553 2499; x_wconf 88' lang='lat' dir='ltr'><strong>sie.</strong></span> <span class='ocrx_word' id='word_1_629' title='bbox 1573 2444 1678 2499; x_wconf 83' lang='lat' dir='ltr'><strong>llnbent</strong></span> <span class='ocrx_word' id='word_1_630' title='bbox 1699 2445 1770 2499; x_wconf 88' lang='lat' dir='ltr'><strong>enim</strong></span> <span class='ocrx_word' id='word_1_631' title='bbox 1786 2445 1901 2514; x_wconf 77' lang='lat' dir='ltr'><strong>linquam</strong></span> <span class='ocrx_word' id='word_1_632' title='bbox 1915 2460 1990 2501; x_wconf 88' lang='lat' dir='ltr'><strong>suam</strong></span> <span class='ocrx_word' id='word_1_633' title='bbox 2005 2463 2055 2519; x_wconf 88' lang='lat' dir='ltr'><strong>qua</strong></span> <span class='ocrx_word' id='word_1_634' title='bbox 2068 2456 2189 2504; x_wconf 87' lang='lat' dir='ltr'><strong>utantur.</strong></span> 
     </span>
     <span class='ocr_line' id='line_1_80' title="bbox 1402 2535 2191 2606; baseline 0.003 -14"><span class='ocrx_word' id='word_1_635' title='bbox 1402 2535 1459 2592; x_wconf 87' lang='lat' dir='ltr'><strong>Non</strong></span> <span class='ocrx_word' id='word_1_636' title='bbox 1471 2536 1542 2592; x_wconf 89' lang='lat' dir='ltr'><strong>enim</strong></span> <span class='ocrx_word' id='word_1_637' title='bbox 1552 2545 1579 2592; x_wconf 91' lang='lat' dir='ltr'><strong>et</strong></span> <span class='ocrx_word' id='word_1_638' title='bbox 1589 2537 1614 2591; x_wconf 94' lang='lat' dir='ltr'><strong>ln</strong></span> <span class='ocrx_word' id='word_1_639' title='bbox 1626 2536 1749 2591; x_wconf 91' lang='lat' dir='ltr'><strong>omuibus</strong></span> <span class='ocrx_word' id='word_1_640' title='bbox 1759 2537 1881 2606; x_wconf 80' lang='lat' dir='ltr'><strong>gentibus</strong></span> <span class='ocrx_word' id='word_1_641' title='bbox 1891 2537 1940 2592; x_wconf 88' lang='lat' dir='ltr'><strong>ista</strong></span> <span class='ocrx_word' id='word_1_642' title='bbox 1951 2536 2090 2593; x_wconf 90' lang='lat' dir='ltr'><strong>dicuntur:</strong></span> <span class='ocrx_word' id='word_1_643' title='bbox 2101 2540 2191 2594; x_wconf 69' lang='lat' dir='ltr'><strong>multae</strong></span> 
     </span>
     <span class='ocr_line' id='line_1_81' title="bbox 1398 2628 2191 2700; baseline 0.003 -17"><span class='ocrx_word' id='word_1_644' title='bbox 1398 2637 1490 2699; x_wconf 75' lang='lat' dir='ltr'><strong>gentes</strong></span> <span class='ocrx_word' id='word_1_645' title='bbox 1505 2629 1563 2683; x_wconf 77' lang='lat' dir='ltr'><strong>alte</strong></span> <span class='ocrx_word' id='word_1_646' title='bbox 1581 2638 1659 2699; x_wconf 89' lang='lat' dir='ltr'><strong>atque</strong></span> <span class='ocrx_word' id='word_1_647' title='bbox 1673 2629 1731 2682; x_wconf 75' lang='lat' dir='ltr'><strong>aliae</strong></span> <span class='ocrx_word' id='word_1_648' title='bbox 1745 2628 1822 2684; x_wconf 87' lang='lat' dir='ltr'><strong>aliter</strong></span> <span class='ocrx_word' id='word_1_649' title='bbox 1836 2637 1914 2700; x_wconf 82' lang='lat' dir='ltr'><strong>atque</strong></span> <span class='ocrx_word' id='word_1_650' title='bbox 1928 2629 2005 2687; x_wconf 90' lang='lat' dir='ltr'><strong>aliter</strong></span> <span class='ocrx_word' id='word_1_651' title='bbox 2016 2639 2120 2685; x_wconf 83' lang='lat' dir='ltr'><strong>rocarrt.</strong></span> <span class='ocrx_word' id='word_1_652' title='bbox 2134 2629 2191 2685; x_wconf 87' lang='lat' dir='ltr'><strong>lle-</strong></span> 
     </span>
     <span class='ocr_line' id='line_1_82' title="bbox 1399 2719 2191 2793; baseline -0.001 -16"><span class='ocrx_word' id='word_1_653' title='bbox 1399 2723 1449 2778; x_wconf 89' lang='lat' dir='ltr'><strong>lins</strong></span> <span class='ocrx_word' id='word_1_654' title='bbox 1470 2736 1535 2793; x_wconf 79' lang='lat' dir='ltr'><strong>erpo</strong></span> <span class='ocrx_word' id='word_1_655' title='bbox 1551 2720 1584 2776; x_wconf 88' lang='lat' dir='ltr'><strong>de</strong></span> <span class='ocrx_word' id='word_1_656' title='bbox 1603 2736 1650 2776; x_wconf 88' lang='lat' dir='ltr'><strong>ore</strong></span> <span class='ocrx_word' id='word_1_657' title='bbox 1671 2720 1816 2776; x_wconf 85' lang='lat' dir='ltr'><strong>christiano</strong></span> <span class='ocrx_word' id='word_1_658' title='bbox 1837 2719 1904 2776; x_wconf 92' lang='lat' dir='ltr'><strong>ritus</strong></span> <span class='ocrx_word' id='word_1_659' title='bbox 1924 2721 2048 2792; x_wconf 88' lang='lat' dir='ltr'><strong>loquendi</strong></span> <span class='ocrx_word' id='word_1_660' title='bbox 2062 2722 2191 2777; x_wconf 83' lang='lat' dir='ltr'><strong>ecclesia·</strong></span> 
     </span>
     <span class='ocr_line' id='line_1_83' title="bbox 1398 2812 2191 2883; baseline 0 -14"><span class='ocrx_word' id='word_1_661' title='bbox 1398 2814 1480 2869; x_wconf 89' lang='lat' dir='ltr'><strong>sticus</strong></span> <span class='ocrx_word' id='word_1_662' title='bbox 1504 2812 1632 2883; x_wconf 81' lang='lat' dir='ltr'><strong>procedit.</strong></span> <span class='ocrx_word' id='word_1_663' title='bbox 1658 2812 1758 2867; x_wconf 88' lang='lat' dir='ltr'><strong>Tamen</strong></span> <span class='ocrx_word' id='word_1_664' title='bbox 1787 2813 1911 2883; x_wconf 88' lang='lat' dir='ltr'><strong>siquem</strong></span> <span class='ocrx_word' id='word_1_665' title='bbox 1935 2813 2004 2869; x_wconf 88' lang='lat' dir='ltr'><strong>lorte</strong></span> <span class='ocrx_word' id='word_1_666' title='bbox 2024 2813 2191 2869; x_wconf 79' lang='lat' dir='ltr'><strong>consuetude</strong></span> 
     </span>
     <span class='ocr_line' id='line_1_84' title="bbox 1398 2886 2189 2976; baseline -0.003 -15"><span class='ocrx_word' id='word_1_667' title='bbox 1398 2905 1526 2971; x_wconf 70' lang='lat' dir='ltr'><strong>traxerit,</strong></span> <span class='ocrx_word' id='word_1_668' title='bbox 1541 2914 1570 2959; x_wconf 92' lang='lat' dir='ltr'><strong>ut</strong></span> <span class='ocrx_word' id='word_1_669' title='bbox 1584 2903 1647 2960; x_wconf 89' lang='lat' dir='ltr'><strong>illud</strong></span> <span class='ocrx_word' id='word_1_670' title='bbox 1662 2913 1740 2960; x_wconf 78' lang='lat' dir='ltr'><strong>excat</strong></span> <span class='ocrx_word' id='word_1_671' title='bbox 1753 2920 1786 2959; x_wconf 81' lang='lat' dir='ltr'><strong>ex</strong></span> <span class='ocrx_word' id='word_1_672' title='bbox 1800 2886 1929 2976; x_wconf 62' lang='lat' dir='ltr'><strong>ore‘quod</strong></span> <span class='ocrx_word' id='word_1_673' title='bbox 1943 2905 2075 2974; x_wconf 89' lang='lat' dir='ltr'><strong>improbat</strong></span> <span class='ocrx_word' id='word_1_674' title='bbox 2083 2905 2189 2971; x_wconf 86' lang='lat' dir='ltr'><strong>corde,</strong></span> 
     </span>
     <span class='ocr_line' id='line_1_85' title="bbox 1397 2995 2190 3067; baseline -0.001 -16"><span class='ocrx_word' id='word_1_675' title='bbox 1397 2996 1527 3067; x_wconf 81' lang='lat' dir='ltr'><strong>intelligat</strong></span> <span class='ocrx_word' id='word_1_676' title='bbox 1538 2996 1599 3051; x_wconf 90' lang='lat' dir='ltr'><strong>illos</strong></span> <span class='ocrx_word' id='word_1_677' title='bbox 1610 3010 1713 3063; x_wconf 89' lang='lat' dir='ltr'><strong>omnes,</strong></span> <span class='ocrx_word' id='word_1_678' title='bbox 1725 2995 1758 3051; x_wconf 89' lang='lat' dir='ltr'><strong>de</strong></span> <span class='ocrx_word' id='word_1_679' title='bbox 1770 3011 1883 3065; x_wconf 88' lang='lat' dir='ltr'><strong>quornm</strong></span> <span class='ocrx_word' id='word_1_680' title='bbox 1896 2996 2048 3052; x_wconf 87' lang='lat' dir='ltr'><strong>nominibus</strong></span> <span class='ocrx_word' id='word_1_681' title='bbox 2057 2996 2190 3065; x_wconf 76' lang='lat' dir='ltr'><strong>appellate</strong></span> 
     </span>
     <span class='ocr_line' id='line_1_86' title="bbox 1397 3087 2192 3157; baseline 0.003 -14"><span class='ocrx_word' id='word_1_682' title='bbox 1397 3097 1460 3143; x_wconf 88' lang='lat' dir='ltr'><strong>sunt</strong></span> <span class='ocrx_word' id='word_1_683' title='bbox 1472 3088 1559 3144; x_wconf 88' lang='lat' dir='ltr'><strong>sidera</strong></span> <span class='ocrx_word' id='word_1_684' title='bbox 1572 3129 1579 3155; x_wconf 97' lang='lat'><strong>,</strong></span> <span class='ocrx_word' id='word_1_685' title='bbox 1595 3087 1716 3142; x_wconf 91' lang='lat' dir='ltr'><strong>bomines</strong></span> <span class='ocrx_word' id='word_1_686' title='bbox 1729 3087 1829 3155; x_wconf 84' lang='lat' dir='ltr'><strong>luisse,</strong></span> <span class='ocrx_word' id='word_1_687' title='bbox 1845 3101 1895 3143; x_wconf 89' lang='lat' dir='ltr'><strong>nec</strong></span> <span class='ocrx_word' id='word_1_688' title='bbox 1907 3103 1939 3142; x_wconf 83' lang='lat' dir='ltr'><strong>ex</strong></span> <span class='ocrx_word' id='word_1_689' title='bbox 1958 3102 1992 3143; x_wconf 88' lang='lat' dir='ltr'><strong>eo</strong></span> <span class='ocrx_word' id='word_1_690' title='bbox 2005 3103 2064 3142; x_wconf 88' lang='lat' dir='ltr'><strong>csse</strong></span> <span class='ocrx_word' id='word_1_691' title='bbox 2077 3087 2192 3157; x_wconf 79' lang='lat' dir='ltr'><strong>eoepisse</strong></span> 
     </span>
     <span class='ocr_line' id='line_1_87' title="bbox 1397 3178 2192 3248; baseline 0.003 -15"><span class='ocrx_word' id='word_1_692' title='bbox 1397 3179 1446 3234; x_wconf 86' lang='lat' dir='ltr'><strong>ista</strong></span> <span class='ocrx_word' id='word_1_693' title='bbox 1461 3178 1548 3234; x_wconf 85' lang='lat' dir='ltr'><strong>sidera</strong></span> <span class='ocrx_word' id='word_1_694' title='bbox 1572 3179 1598 3233; x_wconf 91' lang='lat' dir='ltr'><strong>in</strong></span> <span class='ocrx_word' id='word_1_695' title='bbox 1621 3179 1709 3245; x_wconf 88' lang='lat' dir='ltr'><strong>coelo,</strong></span> <span class='ocrx_word' id='word_1_696' title='bbox 1725 3193 1757 3233; x_wconf 87' lang='lat' dir='ltr'><strong>ex</strong></span> <span class='ocrx_word' id='word_1_697' title='bbox 1782 3193 1834 3248; x_wconf 91' lang='lat' dir='ltr'><strong>quo</strong></span> <span class='ocrx_word' id='word_1_698' title='bbox 1855 3179 1892 3234; x_wconf 92' lang='lat' dir='ltr'><strong>illi</strong></span> <span class='ocrx_word' id='word_1_699' title='bbox 1912 3187 2049 3247; x_wconf 85' lang='lat' dir='ltr'><strong>eoeperunt</strong></span> <span class='ocrx_word' id='word_1_700' title='bbox 2065 3195 2073 3232; x_wconf 92' lang='lat'>:</span> <span class='ocrx_word' id='word_1_701' title='bbox 2088 3187 2115 3234; x_wconf 91' lang='lat' dir='ltr'><strong>et</strong></span> <span class='ocrx_word' id='word_1_702' title='bbox 2128 3187 2192 3235; x_wconf 90' lang='lat' dir='ltr'><strong>aute</strong></span> 
     </span>
     <span class='ocr_line' id='line_1_88' title="bbox 1396 3253 2207 3340; baseline -0.001 -15"><span class='ocrx_word' id='word_1_703' title='bbox 1396 3270 1433 3325; x_wconf 90' lang='lat' dir='ltr'><strong>ibi</strong></span> <span class='ocrx_word' id='word_1_704' title='bbox 1453 3268 1575 3333; x_wconf 65' lang='lat' dir='ltr'><strong>[neruum</strong></span> <span class='ocrx_word' id='word_1_705' title='bbox 1602 3268 1648 3324; x_wconf 86' lang='lat' dir='ltr'><strong>sed</strong></span> <span class='ocrx_word' id='word_1_706' title='bbox 1672 3284 1720 3340; x_wconf 90' lang='lat' dir='ltr'><strong>per</strong></span> <span class='ocrx_word' id='word_1_707' title='bbox 1744 3268 1872 3324; x_wconf 75' lang='lat' dir='ltr'><strong>herrestein</strong></span> <span class='ocrx_word' id='word_1_708' title='bbox 1895 3268 2015 3339; x_wconf 84' lang='lat' dir='ltr'><strong>quaedum</strong></span> <span class='ocrx_word' id='word_1_709' title='bbox 2039 3253 2207 3324; x_wconf 79' lang='lat' dir='ltr'><strong>mortallmu</strong></span> 
     </span>
     <span class='ocr_line' id='line_1_89' title="bbox 1396 3343 2192 3428; baseline -0.004 -12"><span class='ocrx_word' id='word_1_710' title='bbox 1396 3360 1539 3428; x_wconf 83' lang='lat' dir='ltr'><strong>mortalia,</strong></span> <span class='ocrx_word' id='word_1_711' title='bbox 1555 3360 1593 3415; x_wconf 92' lang='lat' dir='ltr'><strong>illi</strong></span> <span class='ocrx_word' id='word_1_712' title='bbox 1607 3343 1729 3414; x_wconf 83' lang='lat' dir='ltr'><strong>homines</strong></span> <span class='ocrx_word' id='word_1_713' title='bbox 1743 3373 1791 3428; x_wconf 91' lang='lat' dir='ltr'><strong>pro</strong></span> <span class='ocrx_word' id='word_1_714' title='bbox 1813 3367 1933 3427; x_wconf 90' lang='lat' dir='ltr'><strong>tempore</strong></span> <span class='ocrx_word' id='word_1_715' title='bbox 1947 3373 2016 3425; x_wconf 90' lang='lat' dir='ltr'><strong>sno,</strong></span> <span class='ocrx_word' id='word_1_716' title='bbox 2031 3359 2092 3428; x_wconf 82' lang='lat' dir='ltr'><strong>quin</strong></span> <span class='ocrx_word' id='word_1_717' title='bbox 2106 3358 2192 3428; x_wconf 91' lang='lat' dir='ltr'><strong>pluri·</strong></span> 
     </span>
     <span class='ocr_line' id='line_1_90' title="bbox 1395 3451 2190 3524; baseline -0.004 -15"><span class='ocrx_word' id='word_1_718' title='bbox 1395 3469 1469 3509; x_wconf 91' lang='lat' dir='ltr'><strong>mum</strong></span> <span class='ocrx_word' id='word_1_719' title='bbox 1489 3460 1631 3524; x_wconf 87' lang='lat' dir='ltr'><strong>potnerunt</strong></span> <span class='ocrx_word' id='word_1_720' title='bbox 1645 3461 1672 3508; x_wconf 90' lang='lat' dir='ltr'><strong>et</strong></span> <span class='ocrx_word' id='word_1_721' title='bbox 1686 3451 1857 3507; x_wconf 85' lang='lat' dir='ltr'><strong>eminncrnnt</strong></span> <span class='ocrx_word' id='word_1_722' title='bbox 1878 3451 1905 3505; x_wconf 92' lang='lat' dir='ltr'><strong>in</strong></span> <span class='ocrx_word' id='word_1_723' title='bbox 1927 3451 1979 3506; x_wconf 90' lang='lat' dir='ltr'><strong>hoc</strong></span> <span class='ocrx_word' id='word_1_724' title='bbox 1999 3452 2114 3518; x_wconf 77' lang='lat' dir='ltr'><strong>surculo,</strong></span> <span class='ocrx_word' id='word_1_725' title='bbox 2129 3467 2190 3506; x_wconf 89' lang='lat' dir='ltr'><strong>cum</strong></span> 
     </span>
     <span class='ocr_line' id='line_1_91' title="bbox 1395 3543 2191 3612; baseline -0.004 -13"><span class='ocrx_word' id='word_1_726' title='bbox 1395 3544 1469 3600; x_wconf 89' lang='lat' dir='ltr'><strong>cbarl</strong></span> <span class='ocrx_word' id='word_1_727' title='bbox 1484 3552 1575 3601; x_wconf 89' lang='lat' dir='ltr'><strong>essent</strong></span> <span class='ocrx_word' id='word_1_728' title='bbox 1592 3543 1751 3606; x_wconf 87' lang='lat' dir='ltr'><strong>hominibus,</strong></span> <span class='ocrx_word' id='word_1_729' title='bbox 1767 3558 1820 3596; x_wconf 88' lang='lat' dir='ltr'><strong>mm</strong></span> <span class='ocrx_word' id='word_1_730' title='bbox 1836 3551 1943 3612; x_wconf 89' lang='lat' dir='ltr'><strong>propter</strong></span> <span class='ocrx_word' id='word_1_731' title='bbox 1956 3543 2037 3597; x_wconf 85' lang='lat' dir='ltr'><strong>vitam</strong></span> <span class='ocrx_word' id='word_1_732' title='bbox 2052 3551 2191 3609; x_wconf 66' lang='lat' dir='ltr'><strong>aeternam,</strong></span> 
     </span>
     <span class='ocr_line' id='line_1_92' title="bbox 1395 3630 2191 3706; baseline -0.003 -14"><span class='ocrx_word' id='word_1_733' title='bbox 1395 3634 1444 3692; x_wconf 86' lang='lat' dir='ltr'><strong>sed</strong></span> <span class='ocrx_word' id='word_1_734' title='bbox 1457 3645 1565 3706; x_wconf 89' lang='lat' dir='ltr'><strong>propter</strong></span> <span class='ocrx_word' id='word_1_735' title='bbox 1582 3631 1751 3689; x_wconf 85' lang='lat' dir='ltr'><strong>cornmodnm</strong></span> <span class='ocrx_word' id='word_1_736' title='bbox 1768 3632 1932 3702; x_wconf 87' lang='lat' dir='ltr'><strong>temporale,</strong></span> <span class='ocrx_word' id='word_1_737' title='bbox 1949 3630 2136 3687; x_wconf 83' lang='lat' dir='ltr'><strong>deserebantur</strong></span> <span class='ocrx_word' id='word_1_738' title='bbox 2150 3633 2191 3690; x_wconf 79' lang='lat' dir='ltr'><strong>eit</strong></span> 
     </span>
     <span class='ocr_line' id='line_1_93' title="bbox 1396 3720 2256 3792; baseline -0.002 -13"><span class='ocrx_word' id='word_1_739' title='bbox 1396 3723 1478 3779; x_wconf 77' lang='lat' dir='ltr'><strong>(livini</strong></span> <span class='ocrx_word' id='word_1_740' title='bbox 1494 3724 1620 3778; x_wconf 81' lang='lat' dir='ltr'><strong>bonores.</strong></span> <span class='ocrx_word' id='word_1_741' title='bbox 1636 3722 1745 3776; x_wconf 73' lang='lat' dir='ltr'><strong>l&#39;cteres</strong></span> <span class='ocrx_word' id='word_1_742' title='bbox 1757 3721 1827 3776; x_wconf 88' lang='lat' dir='ltr'><strong>enim</strong></span> <span class='ocrx_word' id='word_1_743' title='bbox 1843 3721 1932 3776; x_wconf 81' lang='lat' dir='ltr'><strong>saeculi</strong></span> <span class='ocrx_word' id='word_1_744' title='bbox 1947 3720 2051 3792; x_wconf 87' lang='lat' dir='ltr'><strong>decepti</strong></span> <span class='ocrx_word' id='word_1_745' title='bbox 2065 3724 2085 3786; x_wconf 85' lang='lat'><strong>⁸,</strong></span> <span class='ocrx_word' id='word_1_746' title='bbox 2100 3731 2126 3777; x_wconf 92' lang='lat' dir='ltr'><strong>ct</strong></span> <span class='ocrx_word' id='word_1_747' title='bbox 2139 3722 2191 3777; x_wconf 89' lang='lat' dir='ltr'><strong>de·</strong></span> <span class='ocrx_word' id='word_1_748' title='bbox 2252 3782 2256 3789; x_wconf 56' lang='grc'><em>,</em></span> 
     </span>
     <span class='ocr_line' id='line_1_94' title="bbox 1395 3812 2191 3888; baseline -0.005 -16"><span class='ocrx_word' id='word_1_749' title='bbox 1395 3818 1485 3888; x_wconf 84' lang='lat' dir='ltr'><strong>cipere</strong></span> <span class='ocrx_word' id='word_1_750' title='bbox 1496 3815 1635 3878; x_wconf 90' lang='lat' dir='ltr'><strong>volentes,</strong></span> <span class='ocrx_word' id='word_1_751' title='bbox 1650 3814 1675 3867; x_wconf 93' lang='lat' dir='ltr'><strong>in</strong></span> <span class='ocrx_word' id='word_1_752' title='bbox 1700 3828 1792 3869; x_wconf 92' lang='lat' dir='ltr'><strong>corum</strong></span> <span class='ocrx_word' id='word_1_753' title='bbox 1816 3812 1995 3868; x_wconf 84' lang='lat' dir='ltr'><strong>adulationem</strong></span> <span class='ocrx_word' id='word_1_754' title='bbox 2017 3814 2061 3883; x_wconf 90' lang='lat' dir='ltr'><strong>qui</strong></span> <span class='ocrx_word' id='word_1_755' title='bbox 2076 3813 2126 3868; x_wconf 91' lang='lat' dir='ltr'><strong>sibi</strong></span> <span class='ocrx_word' id='word_1_756' title='bbox 2139 3814 2191 3868; x_wconf 88' lang='lat' dir='ltr'><strong>ali·</strong></span> 
     </span>
     <span class='ocr_line' id='line_1_95' title="bbox 1395 3904 2190 3981; baseline -0.006 -16"><span class='ocrx_word' id='word_1_757' title='bbox 1395 3909 1460 3981; x_wconf 91' lang='lat' dir='ltr'><strong>quid</strong></span> <span class='ocrx_word' id='word_1_758' title='bbox 1471 3907 1616 3965; x_wconf 82' lang='lat' dir='ltr'><strong>secuudum</strong></span> <span class='ocrx_word' id='word_1_759' title='bbox 1632 3920 1751 3962; x_wconf 85' lang='lat' dir='ltr'><strong>amorem</strong></span> <span class='ocrx_word' id='word_1_760' title='bbox 1768 3904 1858 3960; x_wconf 82' lang='lat' dir='ltr'><strong>saecnli</strong></span> <span class='ocrx_word' id='word_1_761' title='bbox 1879 3906 2087 3976; x_wconf 69' lang='lat' dir='ltr'><strong>praestitissent,</strong></span> <span class='ocrx_word' id='word_1_762' title='bbox 2102 3906 2190 3960; x_wconf 85' lang='lat' dir='ltr'><strong>sidera</strong></span> 
     </span>
     <span class='ocr_line' id='line_1_96' title="bbox 1396 3996 2190 4066; baseline -0.005 -10"><span class='ocrx_word' id='word_1_763' title='bbox 1396 3999 1573 4056; x_wconf 81' lang='lat' dir='ltr'><strong>ostendebant</strong></span> <span class='ocrx_word' id='word_1_764' title='bbox 1587 3998 1614 4053; x_wconf 92' lang='lat' dir='ltr'><strong>in</strong></span> <span class='ocrx_word' id='word_1_765' title='bbox 1627 3998 1713 4061; x_wconf 89' lang='lat' dir='ltr'><strong>coelo,</strong></span> <span class='ocrx_word' id='word_1_766' title='bbox 1730 3996 1850 4052; x_wconf 88' lang='lat' dir='ltr'><strong>dicentes</strong></span> <span class='ocrx_word' id='word_1_767' title='bbox 1864 3996 1933 4066; x_wconf 91' lang='lat' dir='ltr'><strong>quod</strong></span> <span class='ocrx_word' id='word_1_768' title='bbox 1955 3996 2024 4050; x_wconf 88' lang='lat' dir='ltr'><strong>illins</strong></span> <span class='ocrx_word' id='word_1_769' title='bbox 2037 4007 2108 4051; x_wconf 84' lang='lat' dir='ltr'><strong>esset</strong></span> <span class='ocrx_word' id='word_1_770' title='bbox 2126 3996 2190 4052; x_wconf 91' lang='lat' dir='ltr'><strong>illud</strong></span> 
     </span>
     <span class='ocr_line' id='line_1_97' title="bbox 1395 4087 2190 4157; baseline -0.004 -12"><span class='ocrx_word' id='word_1_771' title='bbox 1395 4091 1479 4157; x_wconf 88' lang='lat' dir='ltr'><strong>sidus,</strong></span> <span class='ocrx_word' id='word_1_772' title='bbox 1495 4099 1521 4144; x_wconf 88' lang='lat' dir='ltr'><strong>et</strong></span> <span class='ocrx_word' id='word_1_773' title='bbox 1536 4089 1599 4144; x_wconf 90' lang='lat' dir='ltr'><strong>illud</strong></span> <span class='ocrx_word' id='word_1_774' title='bbox 1615 4088 1685 4143; x_wconf 90' lang='lat' dir='ltr'><strong>illius</strong></span> <span class='ocrx_word' id='word_1_775' title='bbox 1699 4105 1706 4142; x_wconf 92' lang='lat'><strong>:</strong></span> <span class='ocrx_word' id='word_1_776' title='bbox 1722 4087 1845 4142; x_wconf 89' lang='lat' dir='ltr'><strong>homines</strong></span> <span class='ocrx_word' id='word_1_777' title='bbox 1866 4095 1955 4141; x_wconf 84' lang='lat' dir='ltr'><strong>autem</strong></span> <span class='ocrx_word' id='word_1_778' title='bbox 1976 4088 2022 4157; x_wconf 93' lang='lat' dir='ltr'><strong>qui</strong></span> <span class='ocrx_word' id='word_1_779' title='bbox 2043 4097 2119 4142; x_wconf 86' lang='lat' dir='ltr'><strong>antea</strong></span> <span class='ocrx_word' id='word_1_780' title='bbox 2136 4103 2190 4142; x_wconf 90' lang='lat' dir='ltr'><strong>nun</strong></span> 
     </span>
     <span class='ocr_line' id='line_1_98' title="bbox 1394 4178 2190 4252; baseline -0.001 -15"><span class='ocrx_word' id='word_1_781' title='bbox 1394 4190 1575 4252; x_wconf 77' lang='lat' dir='ltr'><strong>aspexerant,</strong></span> <span class='ocrx_word' id='word_1_782' title='bbox 1591 4188 1619 4234; x_wconf 90' lang='lat' dir='ltr'><strong>nt</strong></span> <span class='ocrx_word' id='word_1_783' title='bbox 1632 4179 1753 4235; x_wconf 89' lang='lat' dir='ltr'><strong>viderent</strong></span> <span class='ocrx_word' id='word_1_784' title='bbox 1772 4179 1833 4250; x_wconf 91' lang='lat' dir='ltr'><strong>quia</strong></span> <span class='ocrx_word' id='word_1_785' title='bbox 1854 4178 1891 4233; x_wconf 90' lang='lat' dir='ltr'><strong>lbi</strong></span> <span class='ocrx_word' id='word_1_786' title='bbox 1912 4187 1987 4234; x_wconf 90' lang='lat' dir='ltr'><strong>crant</strong></span> <span class='ocrx_word' id='word_1_787' title='bbox 2002 4188 2029 4232; x_wconf 87' lang='lat' dir='ltr'><strong>et</strong></span> <span class='ocrx_word' id='word_1_788' title='bbox 2044 4179 2086 4233; x_wconf 89' lang='lat' dir='ltr'><strong>illa</strong></span> <span class='ocrx_word' id='word_1_789' title='bbox 2102 4178 2190 4236; x_wconf 84' lang='lat' dir='ltr'><strong>sidera</strong></span> 
     </span>
     <span class='ocr_line' id='line_1_99' title="bbox 1395 4269 2191 4343; baseline -0.006 -15"><span class='ocrx_word' id='word_1_790' title='bbox 1395 4283 1535 4343; x_wconf 84' lang='lat' dir='ltr'><strong>antequam</strong></span> <span class='ocrx_word' id='word_1_791' title='bbox 1551 4280 1741 4336; x_wconf 83' lang='lat' dir='ltr'><strong>nascerentur,</strong></span> <span class='ocrx_word' id='word_1_792' title='bbox 1756 4269 1860 4340; x_wconf 89' lang='lat' dir='ltr'><strong>decepti</strong></span> <span class='ocrx_word' id='word_1_793' title='bbox 1874 4269 2059 4332; x_wconf 78' lang='lat' dir='ltr'><strong>crediderunt:</strong></span> <span class='ocrx_word' id='word_1_794' title='bbox 2075 4278 2102 4324; x_wconf 91' lang='lat' dir='ltr'><strong>et</strong></span> <span class='ocrx_word' id='word_1_795' title='bbox 2122 4284 2191 4323; x_wconf 89' lang='lat' dir='ltr'><strong>con·</strong></span> 
     </span>
     <span class='ocr_line' id='line_1_100' title="bbox 1394 4359 2191 4435; baseline -0.004 -16"><span class='ocrx_word' id='word_1_796' title='bbox 1394 4373 1470 4435; x_wconf 86' lang='lat' dir='ltr'><strong>cepta</strong></span> <span class='ocrx_word' id='word_1_797' title='bbox 1492 4372 1534 4419; x_wconf 90' lang='lat' dir='ltr'><strong>est</strong></span> <span class='ocrx_word' id='word_1_798' title='bbox 1551 4363 1641 4434; x_wconf 89' lang='lat' dir='ltr'><strong>opinio</strong></span> <span class='ocrx_word' id='word_1_799' title='bbox 1662 4360 1797 4416; x_wconf 87' lang='lat' dir='ltr'><strong>vanitatis.</strong></span> <span class='ocrx_word' id='word_1_800' title='bbox 1822 4359 1897 4415; x_wconf 81' lang='lat' dir='ltr'><strong>lianc</strong></span> <span class='ocrx_word' id='word_1_801' title='bbox 1917 4360 2068 4428; x_wconf 89' lang='lat' dir='ltr'><strong>opinionem</strong></span> <span class='ocrx_word' id='word_1_802' title='bbox 2086 4361 2191 4416; x_wconf 84' lang='lat' dir='ltr'><strong>erroris</strong></span> 
     </span>
     <span class='ocr_line' id='line_1_101' title="bbox 1395 4448 2191 4519; baseline -0.008 -10"><span class='ocrx_word' id='word_1_803' title='bbox 1395 4454 1518 4509; x_wconf 77' lang='lat' dir='ltr'><strong>diabolus</strong></span> <span class='ocrx_word' id='word_1_804' title='bbox 1538 4450 1721 4517; x_wconf 79' lang='lat' dir='ltr'><strong>confirmarit,</strong></span> <span class='ocrx_word' id='word_1_805' title='bbox 1738 4449 1857 4505; x_wconf 86' lang='lat' dir='ltr'><strong>Clrristns</strong></span> <span class='ocrx_word' id='word_1_806' title='bbox 1872 4448 1977 4504; x_wconf 86' lang='lat' dir='ltr'><strong>evertit.</strong></span> <span class='ocrx_word' id='word_1_807' title='bbox 1992 4448 2045 4502; x_wconf 86' lang='lat' dir='ltr'><strong>Nos</strong></span> <span class='ocrx_word' id='word_1_808' title='bbox 2059 4463 2122 4519; x_wconf 82' lang='lat' dir='ltr'><strong>ergo</strong></span> <span class='ocrx_word' id='word_1_809' title='bbox 2143 4463 2191 4504; x_wconf 85' lang='lat' dir='ltr'><strong>se-</strong></span> 
     </span>
     <span class='ocr_line' id='line_1_102' title="bbox 1395 4540 2191 4614; baseline -0.004 -15"><span class='ocrx_word' id='word_1_810' title='bbox 1395 4545 1511 4600; x_wconf 88' lang='lat' dir='ltr'><strong>cundnm</strong></span> <span class='ocrx_word' id='word_1_811' title='bbox 1526 4543 1598 4614; x_wconf 88' lang='lat' dir='ltr'><strong>quod</strong></span> <span class='ocrx_word' id='word_1_812' title='bbox 1622 4543 1772 4612; x_wconf 85' lang='lat' dir='ltr'><strong>loquimur,</strong></span> <span class='ocrx_word' id='word_1_813' title='bbox 1787 4551 1880 4612; x_wconf 85' lang='lat' dir='ltr'><strong>quarta</strong></span> <span class='ocrx_word' id='word_1_814' title='bbox 1903 4540 2062 4595; x_wconf 78' lang='lat' dir='ltr'><strong>sublatorum</strong></span> <span class='ocrx_word' id='word_1_815' title='bbox 2079 4549 2191 4610; x_wconf 79' lang='lat' dir='ltr'><strong>quartus</strong></span> 
     </span>
     <span class='ocr_line' id='line_1_103' title="bbox 1394 4629 2191 4702; baseline -0.003 -14"><span class='ocrx_word' id='word_1_816' title='bbox 1394 4634 1452 4690; x_wconf 86' lang='lat' dir='ltr'><strong>dies</strong></span> <span class='ocrx_word' id='word_1_817' title='bbox 1466 4633 1620 4702; x_wconf 76' lang='lat' dir='ltr'><strong>intelligitur</strong></span> <span class='ocrx_word' id='word_1_818' title='bbox 1633 4647 1647 4686; x_wconf 86' lang='lat' dir='ltr'><strong>a</strong></span> <span class='ocrx_word' id='word_1_819' title='bbox 1661 4632 1704 4687; x_wconf 89' lang='lat' dir='ltr'><strong>die</strong></span> <span class='ocrx_word' id='word_1_820' title='bbox 1718 4631 1862 4686; x_wconf 90' lang='lat' dir='ltr'><strong>dominico.</strong></span> <span class='ocrx_word' id='word_1_821' title='bbox 1878 4630 2004 4686; x_wconf 79' lang='lat' dir='ltr'><strong>Aucndrn</strong></span> <span class='ocrx_word' id='word_1_822' title='bbox 2020 4631 2107 4700; x_wconf 88' lang='lat' dir='ltr'><strong>itaque</strong></span> <span class='ocrx_word' id='word_1_823' title='bbox 2118 4629 2191 4686; x_wconf 81' lang='lat' dir='ltr'><strong>cbe-</strong></span> 
     </span>
     <span class='ocr_line' id='line_1_104' title="bbox 1394 4723 2189 4794; baseline -0.003 -13"><span class='ocrx_word' id='word_1_824' title='bbox 1394 4725 1459 4781; x_wconf 89' lang='lat' dir='ltr'><strong>ritas</strong></span> <span class='ocrx_word' id='word_1_825' title='bbox 1473 4735 1560 4780; x_wconf 87' lang='lat' dir='ltr'><strong>vestra</strong></span> <span class='ocrx_word' id='word_1_826' title='bbox 1581 4723 1642 4794; x_wconf 87' lang='lat' dir='ltr'><strong>qnid</strong></span> <span class='ocrx_word' id='word_1_827' title='bbox 1663 4723 1714 4778; x_wconf 89' lang='lat' dir='ltr'><strong>sibi</strong></span> <span class='ocrx_word' id='word_1_828' title='bbox 1735 4724 1797 4778; x_wconf 88' lang='lat' dir='ltr'><strong>velit</strong></span> <span class='ocrx_word' id='word_1_829' title='bbox 1819 4724 1869 4779; x_wconf 89' lang='lat' dir='ltr'><strong>iste</strong></span> <span class='ocrx_word' id='word_1_830' title='bbox 1892 4723 1983 4778; x_wconf 86' lang='lat' dir='ltr'><strong>titulus</strong></span> <span class='ocrx_word' id='word_1_831' title='bbox 2000 4740 2006 4776; x_wconf 93' lang='lat'>:</span> <span class='ocrx_word' id='word_1_832' title='bbox 2023 4723 2066 4777; x_wconf 92' lang='lat' dir='ltr'><strong>bic</strong></span> <span class='ocrx_word' id='word_1_833' title='bbox 2086 4723 2189 4792; x_wconf 80' lang='lat' dir='ltr'><strong>grarrde</strong></span> 
     </span>
    </p>
   </div>
   <div class='ocr_carea' id='block_1_7' title="bbox 1394 4802 2280 4888">
    <p class='ocr_par' dir='ltr' id='par_1_9' title="bbox 1394 4802 2280 4888">
     <span class='ocr_line' id='line_1_105' title="bbox 1394 4802 2280 4888; baseline 0 -16"><span class='ocrx_word' id='word_1_834' title='bbox 1394 4818 1568 4888; x_wconf 82' lang='lat' dir='ltr'><strong>mysterium,</strong></span> <span class='ocrx_word' id='word_1_835' title='bbox 1582 4825 1608 4870; x_wconf 88' lang='lat' dir='ltr'><strong>et</strong></span> <span class='ocrx_word' id='word_1_836' title='bbox 1620 4831 1713 4870; x_wconf 88' lang='lat' dir='ltr'><strong>revera</strong></span> <span class='ocrx_word' id='word_1_837' title='bbox 1725 4816 1868 4869; x_wconf 90' lang='lat' dir='ltr'><strong>occultum.</strong></span> <span class='ocrx_word' id='word_1_838' title='bbox 1884 4816 1950 4870; x_wconf 82' lang='lat' dir='ltr'><strong>Nam</strong></span> <span class='ocrx_word' id='word_1_839' title='bbox 1967 4817 2091 4885; x_wconf 76' lang='lat' dir='ltr'><strong>plenique</strong></span> <span class='ocrx_word' id='word_1_840' title='bbox 2104 4814 2188 4884; x_wconf 73' lang='lat' dir='ltr'><strong>ipsius</strong></span> <span class='ocrx_word' id='word_1_841' title='bbox 2275 4802 2280 4819; x_wconf 71' lang='lat'>⁸</span> 
     </span>
    </p>
   </div>
   <div class='ocr_carea' id='block_1_8' title="bbox 1394 4904 2188 4969">
    <p class='ocr_par' dir='ltr' id='par_1_10' title="bbox 1394 4904 2188 4969">
     <span class='ocr_line' id='line_1_106' title="bbox 1394 4904 2188 4969; baseline -0.003 -8"><span class='ocrx_word' id='word_1_842' title='bbox 1394 4905 1493 4962; x_wconf 77' lang='lat' dir='ltr'><strong>Psalmi</strong></span> <span class='ocrx_word' id='word_1_843' title='bbox 1505 4906 1644 4960; x_wconf 77' lang='lat' dir='ltr'><strong>manifeste</strong></span> <span class='ocrx_word' id='word_1_844' title='bbox 1656 4914 1761 4969; x_wconf 86' lang='lat' dir='ltr'><strong>sonant,</strong></span> <span class='ocrx_word' id='word_1_845' title='bbox 1777 4913 1804 4958; x_wconf 92' lang='lat' dir='ltr'><strong>et</strong></span> <span class='ocrx_word' id='word_1_846' title='bbox 1815 4904 1953 4959; x_wconf 78' lang='lat' dir='ltr'><strong>rrrarrileste</strong></span> <span class='ocrx_word' id='word_1_847' title='bbox 1966 4915 2084 4966; x_wconf 86' lang='lat' dir='ltr'><strong>movent,</strong></span> <span class='ocrx_word' id='word_1_848' title='bbox 2096 4905 2188 4959; x_wconf 86' lang='lat' dir='ltr'><strong>etcito</strong></span> 
     </span>
    </p>
   </div>
   <div class='ocr_carea' id='block_1_9' title="bbox 1390 4998 2188 5977">
    <p class='ocr_par' dir='ltr' id='par_1_11' title="bbox 1390 4998 2188 5977">
     <span class='ocr_line' id='line_1_107' title="bbox 1393 4998 2186 5081; baseline -0.008 -22"><span class='ocrx_word' id='word_1_849' title='bbox 1393 5003 1592 5081; x_wconf 59' lang='lat' dir='ltr'><strong>intelligentem</strong></span> <span class='ocrx_word' id='word_1_850' title='bbox 1609 5001 1754 5056; x_wconf 72' lang='lat' dir='ltr'><strong>tricenteni</strong></span> <span class='ocrx_word' id='word_1_851' title='bbox 1772 5001 1876 5065; x_wconf 85' lang='lat' dir='ltr'><strong>titulus,</strong></span> <span class='ocrx_word' id='word_1_852' title='bbox 1892 5000 1961 5069; x_wconf 92' lang='lat' dir='ltr'><strong>qnod</strong></span> <span class='ocrx_word' id='word_1_853' title='bbox 1976 4998 2110 5053; x_wconf 80' lang='lat' dir='ltr'><strong>tarentum</strong></span> <span class='ocrx_word' id='word_1_854' title='bbox 2124 5009 2186 5067; x_wconf 88' lang='grc' dir='ltr'>εει,</span> 
     </span>
     <span class='ocr_line' id='line_1_108' title="bbox 1393 5090 2186 5164; baseline -0.008 -14"><span class='ocrx_word' id='word_1_855' title='bbox 1393 5095 1474 5150; x_wconf 89' lang='lat' dir='ltr'><strong>lmbet</strong></span> <span class='ocrx_word' id='word_1_856' title='bbox 1488 5109 1540 5149; x_wconf 90' lang='lat' dir='ltr'><strong>non</strong></span> <span class='ocrx_word' id='word_1_857' title='bbox 1555 5109 1647 5164; x_wconf 83' lang='lat' dir='ltr'><strong>parurn</strong></span> <span class='ocrx_word' id='word_1_858' title='bbox 1668 5091 1837 5147; x_wconf 79' lang='lat' dir='ltr'><strong>obscuriunis</strong></span> <span class='ocrx_word' id='word_1_859' title='bbox 1853 5109 1859 5144; x_wconf 92' lang='lat'><strong>:</strong></span> <span class='ocrx_word' id='word_1_860' title='bbox 1873 5091 1920 5145; x_wconf 85' lang='lat' dir='ltr'><strong>sod</strong></span> <span class='ocrx_word' id='word_1_861' title='bbox 1941 5090 2025 5145; x_wconf 85' lang='lat' dir='ltr'><strong>aderit</strong></span> <span class='ocrx_word' id='word_1_862' title='bbox 2038 5091 2186 5156; x_wconf 86' lang='lat' dir='ltr'><strong>llominus,</strong></span> 
     </span>
     <span class='ocr_line' id='line_1_109' title="bbox 1393 5181 2187 5250; baseline -0.006 -8"><span class='ocrx_word' id='word_1_863' title='bbox 1393 5186 1527 5243; x_wconf 87' lang='lat' dir='ltr'><strong>serenabit</strong></span> <span class='ocrx_word' id='word_1_864' title='bbox 1540 5185 1670 5250; x_wconf 89' lang='lat' dir='ltr'><strong>nubilum,</strong></span> <span class='ocrx_word' id='word_1_865' title='bbox 1682 5192 1709 5238; x_wconf 90' lang='grc' dir='ltr'><strong>ει</strong></span> <span class='ocrx_word' id='word_1_866' title='bbox 1722 5184 1842 5238; x_wconf 85' lang='lat' dir='ltr'><strong>ridebitis</strong></span> <span class='ocrx_word' id='word_1_867' title='bbox 1856 5182 2001 5247; x_wconf 88' lang='lat' dir='ltr'><strong>Psalmnm,</strong></span> <span class='ocrx_word' id='word_1_868' title='bbox 2012 5191 2039 5236; x_wconf 91' lang='lat' dir='ltr'><strong>ct</strong></span> <span class='ocrx_word' id='word_1_869' title='bbox 2053 5197 2085 5237; x_wconf 81' lang='lat' dir='ltr'><strong>er</strong></span> <span class='ocrx_word' id='word_1_870' title='bbox 2100 5181 2187 5237; x_wconf 88' lang='lat' dir='ltr'><strong>lrotrte</strong></span> 
     </span>
     <span class='ocr_line' id='line_1_110' title="bbox 1393 5271 2187 5346; baseline -0.008 -13"><span class='ocrx_word' id='word_1_871' title='bbox 1393 5276 1491 5333; x_wconf 81' lang='lat' dir='ltr'><strong>Psalmi</strong></span> <span class='ocrx_word' id='word_1_872' title='bbox 1502 5274 1668 5346; x_wconf 79' lang='lat' dir='ltr'><strong>cognoscetis</strong></span> <span class='ocrx_word' id='word_1_873' title='bbox 1678 5288 1750 5329; x_wconf 86' lang='lat' dir='ltr'><strong>eum.</strong></span> <span class='ocrx_word' id='word_1_874' title='bbox 1762 5272 1789 5326; x_wconf 92' lang='lat' dir='ltr'><strong>ln</strong></span> <span class='ocrx_word' id='word_1_875' title='bbox 1801 5271 1887 5327; x_wconf 86' lang='lat' dir='ltr'><strong>lronte</strong></span> <span class='ocrx_word' id='word_1_876' title='bbox 1897 5272 1967 5325; x_wconf 91' lang='lat' dir='ltr'><strong>enim</strong></span> <span class='ocrx_word' id='word_1_877' title='bbox 1980 5271 2058 5325; x_wconf 86' lang='lat' dir='ltr'><strong>babet</strong></span> <span class='ocrx_word' id='word_1_878' title='bbox 2068 5271 2187 5339; x_wconf 77' lang='lat' dir='ltr'><strong>psalmus</strong></span> 
     </span>
     <span class='ocr_line' id='line_1_111' title="bbox 1393 5362 2188 5437; baseline -0.006 -14"><span class='ocrx_word' id='word_1_879' title='bbox 1393 5369 1453 5430; x_wconf 84' lang='lat' dir='ltr'><strong>iste.</strong></span> <span class='ocrx_word' id='word_1_880' title='bbox 1466 5366 1585 5422; x_wconf 82' lang='lat' dir='ltr'><strong>Prulmur</strong></span> <span class='ocrx_word' id='word_1_881' title='bbox 1596 5365 1646 5437; x_wconf 77' lang='lat' dir='ltr'><strong>ipsi</strong></span> <span class='ocrx_word' id='word_1_882' title='bbox 1662 5363 1743 5417; x_wconf 79' lang='lat' dir='ltr'><strong>Dauid</strong></span> <span class='ocrx_word' id='word_1_883' title='bbox 1748 5402 1755 5424; x_wconf 89' lang='lat'>‚</span> <span class='ocrx_word' id='word_1_884' title='bbox 1764 5372 1854 5431; x_wconf 84' lang='lat' dir='ltr'><strong>quarte</strong></span> <span class='ocrx_word' id='word_1_885' title='bbox 1867 5363 2035 5417; x_wconf 78' lang='lat' dir='ltr'><strong>tributorum.</strong></span> <span class='ocrx_word' id='word_1_886' title='bbox 2050 5362 2078 5416; x_wconf 93' lang='lat' dir='ltr'><strong>ln</strong></span> <span class='ocrx_word' id='word_1_887' title='bbox 2093 5362 2188 5418; x_wconf 84' lang='lat' dir='ltr'><strong>limine</strong></span> 
     </span>
     <span class='ocr_line' id='line_1_112' title="bbox 1392 5451 2187 5532; baseline -0.011 -18"><span class='ocrx_word' id='word_1_888' title='bbox 1392 5467 1434 5514; x_wconf 87' lang='lat' dir='ltr'><strong>est</strong></span> <span class='ocrx_word' id='word_1_889' title='bbox 1443 5458 1544 5522; x_wconf 80' lang='lat' dir='ltr'><strong>titulus,</strong></span> <span class='ocrx_word' id='word_1_890' title='bbox 1558 5457 1585 5532; x_wconf 81' lang='lat' dir='ltr'><strong>in</strong></span> <span class='ocrx_word' id='word_1_891' title='bbox 1600 5455 1720 5525; x_wconf 83' lang='lat' dir='ltr'><strong>postibus</strong></span> <span class='ocrx_word' id='word_1_892' title='bbox 1732 5453 1799 5508; x_wconf 80' lang='lat' dir='ltr'><strong>drus</strong></span> <span class='ocrx_word' id='word_1_893' title='bbox 1809 5462 1859 5507; x_wconf 82' lang='lat' dir='ltr'><strong>cst.</strong></span> <span class='ocrx_word' id='word_1_894' title='bbox 1877 5452 1974 5507; x_wconf 80' lang='lat' dir='ltr'><strong>l&#39;olnnt</strong></span> <span class='ocrx_word' id='word_1_895' title='bbox 1989 5451 2111 5506; x_wconf 84' lang='lat' dir='ltr'><strong>homiues</strong></span> <span class='ocrx_word' id='word_1_896' title='bbox 2124 5451 2187 5505; x_wconf 86' lang='lat' dir='ltr'><strong>titu-</strong></span> 
     </span>
     <span class='ocr_line' id='line_1_113' title="bbox 1390 5542 2186 5618; baseline -0.011 -14"><span class='ocrx_word' id='word_1_897' title='bbox 1390 5549 1447 5604; x_wconf 87' lang='lat' dir='ltr'><strong>lum</strong></span> <span class='ocrx_word' id='word_1_898' title='bbox 1466 5561 1646 5618; x_wconf 74' lang='lat' dir='ltr'><strong>cognossem,</strong></span> <span class='ocrx_word' id='word_1_899' title='bbox 1660 5554 1688 5600; x_wconf 91' lang='lat' dir='ltr'><strong>et</strong></span> <span class='ocrx_word' id='word_1_900' title='bbox 1709 5545 1748 5599; x_wconf 85' lang='lat' dir='ltr'><strong>sie</strong></span> <span class='ocrx_word' id='word_1_901' title='bbox 1769 5543 1878 5598; x_wconf 91' lang='lat' dir='ltr'><strong>domum</strong></span> <span class='ocrx_word' id='word_1_902' title='bbox 1900 5543 2011 5598; x_wconf 86' lang='lat' dir='ltr'><strong>intrare.</strong></span> <span class='ocrx_word' id='word_1_903' title='bbox 2028 5542 2186 5596; x_wconf 83' lang='lat' dir='ltr'><strong>llecolanms</strong></span> 
     </span>
     <span class='ocr_line' id='line_1_114' title="bbox 1391 5631 2185 5712; baseline -0.014 -14"><span class='ocrx_word' id='word_1_904' title='bbox 1391 5657 1456 5712; x_wconf 73' lang='lat' dir='ltr'><strong>ergo</strong></span> <span class='ocrx_word' id='word_1_905' title='bbox 1470 5641 1634 5710; x_wconf 78' lang='lat' dir='ltr'><strong>scripturam</strong></span> <span class='ocrx_word' id='word_1_906' title='bbox 1655 5646 1773 5692; x_wconf 82' lang='lat' dir='ltr'><strong>sanctam</strong></span> <span class='ocrx_word' id='word_1_907' title='bbox 1794 5637 1820 5690; x_wconf 91' lang='lat' dir='ltr'><strong>in</strong></span> <span class='ocrx_word' id='word_1_908' title='bbox 1834 5635 1949 5701; x_wconf 86' lang='lat' dir='ltr'><strong>Genesi,</strong></span> <span class='ocrx_word' id='word_1_909' title='bbox 1963 5633 2107 5706; x_wconf 91' lang='lat' dir='ltr'><strong>primodie</strong></span> <span class='ocrx_word' id='word_1_910' title='bbox 2122 5631 2185 5701; x_wconf 88' lang='lat' dir='ltr'><strong>qnid</strong></span> 
     </span>
     <span class='ocr_line' id='line_1_115' title="bbox 1391 5717 2185 5794; baseline -0.011 -7"><span class='ocrx_word' id='word_1_911' title='bbox 1391 5734 1422 5787; x_wconf 89' lang='lat' dir='ltr'><strong>sit</strong></span> <span class='ocrx_word' id='word_1_912' title='bbox 1452 5732 1565 5794; x_wconf 71' lang='lat' dir='ltr'><strong>tactuum</strong></span> <span class='ocrx_word' id='word_1_913' title='bbox 1595 5717 1743 5782; x_wconf 82' lang='lat' dir='ltr'><strong>invenimus</strong></span> <span class='ocrx_word' id='word_1_914' title='bbox 1769 5726 1855 5781; x_wconf 87' lang='lat' dir='ltr'><strong>lnectn</strong></span> <span class='ocrx_word' id='word_1_915' title='bbox 1879 5744 1886 5780; x_wconf 80' lang='grc' dir='ltr'><strong>ι</strong></span> <span class='ocrx_word' id='word_1_916' title='bbox 1908 5723 2026 5780; x_wconf 78' lang='lat' dir='ltr'><strong>secundo</strong></span> <span class='ocrx_word' id='word_1_917' title='bbox 2052 5724 2096 5778; x_wconf 89' lang='lat' dir='ltr'><strong>die</strong></span> <span class='ocrx_word' id='word_1_918' title='bbox 2121 5722 2185 5792; x_wconf 86' lang='lat' dir='ltr'><strong>qnid</strong></span> 
     </span>
     <span class='ocr_line' id='line_1_116' title="bbox 1391 5813 2185 5884; baseline -0.008 -10"><span class='ocrx_word' id='word_1_919' title='bbox 1391 5821 1425 5875; x_wconf 90' lang='lat' dir='ltr'><strong>sit</strong></span> <span class='ocrx_word' id='word_1_920' title='bbox 1436 5822 1554 5884; x_wconf 84' lang='lat' dir='ltr'><strong>laetmn;</strong></span> <span class='ocrx_word' id='word_1_921' title='bbox 1572 5817 1725 5874; x_wconf 80' lang='lat' dir='ltr'><strong>invenimus</strong></span> <span class='ocrx_word' id='word_1_922' title='bbox 1742 5817 1946 5878; x_wconf 77' lang='lat' dir='ltr'><strong>firmamentum.</strong></span> <span class='ocrx_word' id='word_1_923' title='bbox 1962 5813 2031 5884; x_wconf 83' lang='lat' dir='ltr'><strong>quod</strong></span> <span class='ocrx_word' id='word_1_924' title='bbox 2042 5813 2185 5883; x_wconf 84' lang='lat' dir='ltr'><strong>appellavit</strong></span> 
     </span>
     <span class='ocr_line' id='line_1_117' title="bbox 1392 5905 2185 5977; baseline -0.005 -12"><span class='ocrx_word' id='word_1_925' title='bbox 1392 5909 1462 5966; x_wconf 80' lang='lat' dir='ltr'><strong>[leus</strong></span> <span class='ocrx_word' id='word_1_926' title='bbox 1475 5911 1592 5965; x_wconf 74' lang='lat' dir='ltr'><strong>melum:</strong></span> <span class='ocrx_word' id='word_1_927' title='bbox 1609 5908 1686 5963; x_wconf 89' lang='lat' dir='ltr'><strong>tertio</strong></span> <span class='ocrx_word' id='word_1_928' title='bbox 1704 5907 1747 5962; x_wconf 86' lang='lat' dir='ltr'><strong>die</strong></span> <span class='ocrx_word' id='word_1_929' title='bbox 1765 5907 1828 5977; x_wconf 91' lang='lat' dir='ltr'><strong>qnid</strong></span> <span class='ocrx_word' id='word_1_930' title='bbox 1849 5907 1884 5961; x_wconf 87' lang='lat' dir='ltr'><strong>sit</strong></span> <span class='ocrx_word' id='word_1_931' title='bbox 1904 5906 2019 5970; x_wconf 78' lang='lat' dir='ltr'><strong>taetnm;</strong></span> <span class='ocrx_word' id='word_1_932' title='bbox 2036 5905 2185 5961; x_wconf 83' lang='lat' dir='ltr'><strong>invenirnut</strong></span> 
     </span>
    </p>
   </div>
   <div class='ocr_carea' id='block_1_10' title="bbox 1424 6019 2185 6083">
    <p class='ocr_par' dir='ltr' id='par_1_12' title="bbox 1424 6019 2185 6083">
     <span class='ocr_line' id='line_1_118' title="bbox 1424 6019 2185 6083; baseline -0.004 -12"><span class='ocrx_word' id='word_1_933' title='bbox 1424 6025 1433 6055; x_wconf 88' lang='lat'><strong>¹</strong></span> <span class='ocrx_word' id='word_1_934' title='bbox 1450 6023 1487 6072; x_wconf 83' lang='lat' dir='ltr'><strong>sic</strong></span> <span class='ocrx_word' id='word_1_935' title='bbox 1495 6028 1549 6071; x_wconf 77' lang='lat' dir='ltr'><strong>tiss.</strong></span> <span class='ocrx_word' id='word_1_936' title='bbox 1561 6028 1590 6071; x_wconf 73' lang='lat' dir='ltr'><strong>nt</strong></span> <span class='ocrx_word' id='word_1_937' title='bbox 1598 6019 1653 6069; x_wconf 71' lang='lat' dir='ltr'><strong>told.</strong></span> <span class='ocrx_word' id='word_1_938' title='bbox 1665 6020 1713 6080; x_wconf 88' lang='lat' dir='ltr'><strong>bic,</strong></span> <span class='ocrx_word' id='word_1_939' title='bbox 1724 6019 1814 6071; x_wconf 80' lang='lat' dir='ltr'><strong>rabbuti</strong></span> <span class='ocrx_word' id='word_1_940' title='bbox 1826 6020 2029 6083; x_wconf 80' lang='lat' dir='ltr'><strong>:deincepsrcro</strong></span> <span class='ocrx_word' id='word_1_941' title='bbox 2036 6020 2185 6069; x_wconf 75' lang='lat' dir='ltr'><strong>merentum</strong></span> 
     </span>
    </p>
   </div>
   <div class='ocr_carea' id='block_1_11' title="bbox 1392 6090 2185 6272">
    <p class='ocr_par' dir='ltr' id='par_1_13' title="bbox 1392 6090 2185 6272">
     <span class='ocr_line' id='line_1_119' title="bbox 1392 6090 2185 6206; baseline -0.009 -8"><span class='ocrx_word' id='word_1_942' title='bbox 1392 6090 1548 6196; x_wconf 32' lang='lat' dir='ltr'><strong>minnist-agei&amp;</strong></span> <span class='ocrx_word' id='word_1_943' title='bbox 1561 6152 1587 6195; x_wconf 89' lang='lat' dir='ltr'><strong>et</strong></span> <span class='ocrx_word' id='word_1_944' title='bbox 1598 6151 1662 6202; x_wconf 78' lang='grc' dir='ltr'>ιιεε..</span> <span class='ocrx_word' id='word_1_945' title='bbox 1679 6145 1761 6206; x_wconf 86' lang='lat' dir='ltr'><strong>paucis</strong></span> <span class='ocrx_word' id='word_1_946' title='bbox 1772 6145 1882 6205; x_wconf 81' lang='lat' dir='ltr'><strong>exceptis</strong></span> <span class='ocrx_word' id='word_1_947' title='bbox 1892 6144 1934 6205; x_wconf 89' lang='lat' dir='ltr'><strong>qul</strong></span> <span class='ocrx_word' id='word_1_948' title='bbox 1948 6141 2047 6200; x_wconf 75' lang='lat' dir='ltr'><strong>habent,</strong></span> <span class='ocrx_word' id='word_1_949' title='bbox 2064 6154 2082 6192; x_wconf 90' lang='grc' dir='ltr'><strong>ιι</strong></span> <span class='ocrx_word' id='word_1_950' title='bbox 2096 6139 2185 6192; x_wconf 77' lang='lat' dir='ltr'><strong>recula</strong></span> 
     </span>
     <span class='ocr_line' id='line_1_120' title="bbox 1393 6201 2066 6272; baseline -0.03 -1"><span class='ocrx_word' id='word_1_951' title='bbox 1393 6205 1497 6272; x_wconf 66' lang='lat' dir='ltr'><strong>wrt-</strong></span> <span class='ocrx_word' id='word_1_952' title='bbox 1510 6213 1536 6257; x_wconf 80' lang='grc' dir='ltr'><strong>ιι</strong></span> <span class='ocrx_word' id='word_1_953' title='bbox 1547 6212 1585 6255; x_wconf 75' lang='lat' dir='ltr'><strong>ts·</strong></span> <span class='ocrx_word' id='word_1_954' title='bbox 1598 6213 1624 6258; x_wconf 77' lang='lat' dir='ltr'><strong>et</strong></span> <span class='ocrx_word' id='word_1_955' title='bbox 1635 6212 1699 6265; x_wconf 74' lang='lat' dir='ltr'><strong>tot..</strong></span> <span class='ocrx_word' id='word_1_956' title='bbox 1713 6211 1806 6259; x_wconf 74' lang='lat' dir='ltr'><strong>mom</strong></span> <span class='ocrx_word' id='word_1_957' title='bbox 1816 6203 1880 6256; x_wconf 76' lang='lat' dir='ltr'><strong>een</strong></span> <span class='ocrx_word' id='word_1_958' title='bbox 1888 6210 1952 6254; x_wconf 71' lang='lat' dir='ltr'><strong>we</strong></span> <span class='ocrx_word' id='word_1_959' title='bbox 1961 6201 2066 6268; x_wconf 69' lang='lat' dir='ltr'><strong>recepit.</strong></span> 
     </span>
    </p>
   </div>
   <div class='ocr_carea' id='block_1_12' title="bbox 0 0 2704 7059">
    <p class='ocr_par' dir='ltr' id='par_1_14' title="bbox 0 0 2704 7059">
     <span class='ocr_line' id='line_1_121' title="bbox 0 0 2704 7059; baseline 0 3"><span class='ocrx_word' id='word_1_960' title='bbox 0 0 2704 7059; x_wconf 95' lang='lat' dir='ltr'><strong> </strong></span> 
     </span>
    </p>
   </div>
  </div>
 </body>
</html>
