5400 7059
589 747 655 807 liet

585 860 731 918 liniaci-at
743 856 830 934 omnis
842 863 922 910 tarra.
937 849 990 908 Sed
1009 849 1137 920 exstirpat
1149 848 1242 904 silvam
1257 847 1302 919 qui
1315 846 1378 903 adi-

593 958 655 1009 litait
672 951 800 1012 domum;
823 952 852 1000 et
865 951 1004 1015 propterca
1024 941 1122 996 dictum
1136 950 1192 1006 eat,
1206 936 1270 995 Cum
1288 938 1379 992 demtis

506 1081 511 1091 ·
587 1040 760 1111 verificaretur
772 1043 827 1107 part
838 1033 1016 1104 captiuitatem.
1030 1029 1199 1085 Tenebantur
1209 1027 1280 1084 euim
1293 1027 1380 1082 liumi·

594 1147 643 1188 nes
656 1125 752 1199 captiti
773 1123 824 1181 suli
837 1121 961 1190 diabalo,
975 1131 1002 1177 et
1022 1118 1187 1176 demonibus
1207 1118 1357 1174 seriieinnt
1371 1135 1379 1183 ;

505 1201 516 1224 ’
588 1224 640 1280 sed
656 1217 786 1289 redempti
804 1226 898 1275 sunta
919 1213 1081 1286 captititato.
1096 1210 1217 1267 Vendere
1235 1225 1266 1266 se
1289 1198 1382 1281 potue·

591 1323 666 1383 runt,
686 1311 733 1368 sed
746 1309 879 1366 redimere
890 1321 944 1363 non
956 1314 1106 1378 patuerunt
1121 1303 1199 1358 Venit
1208 1302 1381 1372 Redemptor,

594 1415 622 1463 et
635 1403 709 1484 dulit
722 1401 855 1474 pretinm;
869 1398 935 1455 ludit
944 1397 1098 1469 sanguinem
1109 1409 1197 1454 suum.
1208 1395 1275 1460 emit
1288 1394 1380 1448 iirliain
1416 1451 1418 1456 ,

595 1503 737 1551 terrarum.
759 1489 885 1575 Quaeritis
902 1487 965 1559 qnid
979 1485 1096 1543 emeriti
1109 1483 1203 1540 Videte
1221 1485 1284 1554 auid
1299 1482 1383 1538 dede·

596 1588 641 1656 rit,
654 1594 683 1643 et
694 1583 811 1640 invenite
822 1579 888 1653 quid
900 1579 1006 1635 emerit.
1019 1576 1132 1646 Sanguis
1146 1575 1253 1641 Cliristi,
1270 1574 1383 1646 pretinm

597 1690 647 1738 eet.
665 1676 742 1734 Tanti
761 1675 824 1747 quid
838 1674 927 1734 valeti
946 1671 1031 1742 Quid,
1046 1671 1095 1726 nisi
1116 1678 1187 1727 tutus
1201 1668 1295 1726 orbiti
1309 1667 1383 1738 quid

597 1771 650 1828 nisi
671 1782 765 1826 omnes
785 1764 900 1837 pertesi
922 1762 1003 1819 Valde
1025 1761 1120 1832 ingrati
1139 1769 1201 1816 aunt
1221 1758 1307 1830 pretio
1325 1772 1384 1822 suo,

597 1846 644 1919 ¹aut
660 1859 773 1916 multum
787 1855 893 1925 superbi
908 1862 987 1918 sunt,
1000 1851 1045 1923 qui
1058 1851 1167 1916 dicunt,
1189 1856 1236 1904 aut
1254 1847 1385 1915 illuditur

599 1942 709 2025 parrum
723 1941 798 2016 esse,
813 1958 841 2004 ut
855 1948 928 2004 sntot
941 1945 1020 2001 lllres
1032 1944 1145 2011 emerit;
1160 1953 1207 1997 aut
1218 1957 1248 1998 se
1260 1950 1313 1996 tani
1327 1955 1386 1995 tna·

598 2060 666 2117 gnos
677 2057 755 2109 csse,
770 2056 818 2113 pro
830 2040 926 2112 quibus
938 2038 1003 2094 salia
1021 2035 1086 2092 illud
1107 2035 1142 2090 sit
1160 2034 1250 2090 datum
1263 2030 1314 2105 (a).
1329 2031 1386 2088 Nun

565 2175 584 2210 .:
599 2150 663 2206 erpo
683 2131 852 2198 exsultent¹,
876 2143 930 2184 nort
949 2125 1104 2198 superbiant
1126 2142 1134 2179 ε
1156 2138 1205 2195 pro
1225 2131 1281 2179 toto
1302 2123 1386 2189 dedit,

600 2237 727 2300 quantum
742 2224 824 2281 dedit.
845 2222 922 2278 Novit
935 2219 997 2292 quid
1009 2219 1120 2286 emerit,
1135 2217 1196 2289 quia
1208 2215 1284 2272 novit
1296 2215 1387 2286 quanti

601 2319 706 2376 emeli.
722 2316 786 2372 inde
802 2315 863 2384 auia
877 2312 1007 2384 redempti
1025 2325 1117 2367 sumus
1135 2317 1196 2380 post
1209 2308 1388 2378 captivitatem

601 2408 748 2465 :edificatur
761 2407 866 2462 domus.
891 2402 925 2460 Et
937 2401 983 2474 qni
1005 2412 1067 2457 sunt
1088 2401 1132 2472 qui
1147 2415 1197 2457 aas
1219 2399 1343 2455 tenebant
1362 2399 1389 2453 iii

601 2497 773 2571 captivitatet
793 2496 858 2566 Quia
873 2495 909 2550 illi
925 2493 1020 2565 quilius
1032 2491 1146 2558 dicitur,
1158 2490 1326 2556 Διιιιιιιιιίαιι,
1339 2504 1389 2544 eti·

601 2588 760 2659 stirpatores
773 2585 847 2642 silvae
860 2593 922 2640 sunt
935 2601 942 2638 :
959 2593 988 2639 ut
999 2585 1146 2653 exstirpent
1158 2582 1264 2650 sitiam,
1277 2580 1390 2646 liberent
1419 2641 1423 2649 ,

602 2679 637 2739 de
650 2679 803 2750 captivitate
826 2687 941 2742 waram,
957 2682 985 2731 et
996 2684 1111 2741 struant,
1125 2672 1273 2739 aedilicent,
1287 2686 1391 2727 annun·

603 2770 694 2827 tiattdo
707 2768 915 2841 magnitudinem
926 2765 1023 2822 domus
1036 2764 1149 2820 Domini.
1166 2762 1242 2820 Unde
1256 2763 1323 2820 eilia
1336 2762 1389 2818 daa-

580 2930 582 2934 .
604 2876 711 2919 monum
730 2860 902 2928 exstirpatur,
925 2856 975 2912 nisi
999 2855 1157 2928 predicetur
1181 2855 1226 2910 ille
1244 2854 1290 2925 qui
1310 2868 1391 2923 super

602 2967 696 3009 amnes
714 2951 776 3008 estl
797 2951 866 3022 Dipo
886 2963 978 3004 omnes
991 2955 1083 3019 pentes
1104 2946 1236 3002 daemonia
1259 2944 1392 3000 iubebant

603 3043 669 3100 deos
682 3060 689 3098 :
703 3056 771 3112 quos
782 3040 906 3096 dicebam
919 3039 1000 3102 deos.
1013 3037 1144 3092 detntniia
1157 3046 1251 3098 crant,
1264 3034 1392 3106 epostala

581 3175 586 3197 <.
604 3134 709 3190 dicente
719 3131 849 3202 apertius,
865 3127 992 3196 Quoniam
1004 3143 1061 3198 qne
1073 3126 1204 3181 immolant
1220 3134 1322 3197 pentes,
1337 3125 1392 3180 dtr-
1408 3132 1410 3136 ‘

604 3223 696 3280 atatiiit
708 3221 851 3288 immolant,
861 3229 885 3275 et
899 3235 951 3274 nott
961 3217 1015 3273 Deo
1026 3217 1053 3290 (Ι
1064 3216 1123 3272 Cor.
1137 3232 1165 3282 a,
1175 3207 1234 3286 90).
1250 3212 1317 3282 Quia
1328 3228 1393 3284 ergo

605 3316 666 3379 ideo
680 3322 757 3371 erant
767 3315 794 3369 itt
806 3312 969 3384 emunitate,
985 3311 1045 3381 tpiia
1059 3308 1198 3364 demoniis
1211 3306 1392 3370 immolabant,

582 3470 584 3475 ,
604 3419 633 3466 ct
651 3415 791 3482 propterea
806 3413 861 3461 tota
882 3414 950 3460 terra
968 3402 1065 3459 silioaa
1086 3409 1268 3466 mntanserat3
1290 3413 1394 3453 artatur·

605 3503 685 3560 tiator
698 3501 748 3556 iste
762 3515 867 3571 ntapatta
879 3507 903 3554 ιι
916 3495 1053 3552 ιιιιιιιιιήιὶι
1064 3495 1149 3548 nimia

640 3593 667 3649 d.
688 3591 770 3667 [iera
790 3589 832 3663 li]
853 3589 886 3644 Et
908 3586 1044 3658 quomode
1066 3577 1216 3640 ostenditur
1240 3581 1393 3652 magnitudo

605 3685 684 3756 eins,
709 3693 737 3739 ut
760 3681 877 3738 eradicet
898 3681 957 3736 illas
982 3675 1203 3746 superstitiones,
1226 3672 1278 3728 suit
1299 3671 1394 3741 ouibus

606 3775 726 3844 captivus
740 3771 852 3843 papulas
876 3769 1031 3830 tenebatur,
1045 3779 1124 3835 qtiem
1143 3761 1277 3819 redimere
1289 3760 1396 3816 advenit

582 3914 587 3924 ,
607 3865 725 3921 ιιπὶὺὶιιι
737 3879 812 3934 attper
830 3876 916 3917 amnes
936 3857 1019 3914 dcet?
1042 3857 1076 3913 Et
1094 3855 1169 3927 quasi
1190 3853 1325 3910 dioerctur
1343 3853 1392 3919 illi,

607 3957 695 4028 Quare
715 3955 825 4019 dixisti,
849 3969 925 4024 ratpot
947 3967 1032 4005 omnes
1055 3947 1138 4004 deotl
1159 3956 1223 4002 sunt
1242 3946 1314 4002 cuitu
1337 3945 1395 4001 diii

606 4049 727 4120 sequitur
739 4056 766 4104 et
783 4045 858 4112 dicit,
875 4043 1001 4111 Quonim
1019 4056 1104 4095 attinet
1118 4038 1154 4092 dii
1169 4035 1285 4092 Genuam
1298 4034 1394 4089 dieam-

607 4140 661 4195 itia.
678 4137 799 4194 liiteadit
811 4135 936 4192 Charitas
952 4139 1051 4188 incana
1071 4129 1192 4201 lingnam
1210 4125 1309 4198 aliquid
1321 4125 1396 4182 diee-

610 4237 652 4287 tait
672 4231 750 4302 paula
764 4240 841 4295 ante,
861 4227 972 4299 llapaat
985 4222 1128 4286 Domitian
1141 4229 1170 4277 ct
1183 4230 1307 4291 utiquam
1327 4219 1396 4274 detl-

608 4329 683 4376 tirus
697 4323 723 4377 in
740 4321 809 4375 liudi
823 4319 918 4390 ipsius,
935 4325 959 4372 et
977 4313 1114 4370 tmititttit
1134 4311 1218 4366 nimia.
1238 4309 1397 4375 ueniente

609 4415 747 4478 dixeram,
762 4412 823 4482 quia
839 4409 940 4465 dimisit
954 4406 999 4463 tibi
1012 4405 1130 4476 cogitare
1142 4401 1212 4474 qaod
1226 4416 1279 4458 nori
1294 4410 1398 4472 poterat

610 4508 666 4576 ipse
679 4505 768 4561 neritis
781 4500 936 4572 explicare?
956 4498 1101 4569 Explicans
1118 4506 1206 4551 autem
1225 4494 1284 4565 ipse
1298 4494 1395 4560 serbis,

609 4597 672 4667 itiiid
694 4612 818 4666 stagnum
840 4592 905 4648 ntilii
923 4590 990 4646 dixit
1002 4588 1036 4644 de
1050 4587 1162 4642 Domino
1185 4584 1248 4640 lesu
1269 4581 1397 4638 Christo?

610 4691 650 4744 An
664 4687 723 4758 quia
734 4701 816 4754 super
828 4682 916 4738 omnia
929 4679 1059 4736 daeiuonia
1073 4675 1134 4731 esti
1152 4674 1218 4730 Cum
1232 4673 1303 4729 enim
1316 4674 1399 4727 ditis·

612 4785 663 4843 tet,
676 4774 807 4829 Terribilia
826 4788 901 4841 saper
914 4785 999 4823 amaea
1012 4767 1090 4832 deaa,·
1105 4765 1258 4835 subjunxit,
1273 4763 1398 4829 Quoniam

611 4880 697 4920 οιιιιιιι
711 4865 746 4917 dii
766 4861 882 4918 Getitittm
899 4858 1034 4915 demonia.
1049 4856 1106 4911 Nou
1121 4863 1163 4910 est
1182 4869 1324 4924 magnum,
1338 4869 1399 4909 csse

612 4971 692 5027 snper
711 4954 840 5011 damonia
855 4969 862 5005 a
877 4961 905 5007 et
924 4960 970 5015 tu,
986 4949 1010 5004 si
1029 4946 1162 5010 volueris,
1177 4946 1250 5012 eris;
1272 4945 1356 5001 sedai
1372 4945 1398 5000 iit

585 5092 589 5107 ‚
613 5051 687 5105 illum
698 5047 852 5105 credideris.
868 5047 941 5101 itane
953 5045 1008 5113 ipsa
1022 5050 1063 5097 est
1077 5040 1120 5094 illa
1134 5037 1290 5108 magnitudo
1302 5036 1397 5103 laudis,

614 5142 725 5214 llapnaa
743 5139 866 5194 Domitius
886 5147 909 5192 et
933 5133 1067 5191 laudabilis
1088 5131 1186 5186 almiri
1210 5129 1307 5184 l'olcns
1327 5127 1399 5183 enim

612 5233 761 5305 explicare,
787 5239 815 5284 nt
841 5236 943 5299 pati-rat
964 5225 1078 5280 ltutnana
1102 5218 1400 5292 lingua,ett1uami·is

598 5370 600 5374 .
615 5342 726 5398 impitus
739 5326 775 5380 sit
789 5333 874 5378 tactm
887 5321 978 5392 organi
991 5317 1107 5389 Spiritus
1118 5322 1237 5378 sanctus,
1251 5322 1338 5366 taitieit
1351 5326 1400 5380 per

612 5415 770 5488 angustias*
784 5412 891 5484 spiritus
904 5410 1011 5464 liumani
1029 5406 1146 5479 syllabas
1160 5410 1251 5470 sonat,
1265 5401 1311 5457 sed
1325 5402 1398 5472 cupi·

614 5510 728 5566 tiitaaei
749 5512 860 5579 petierat
874 5523 880 5557 :
895 5503 1027 5572 explicare
1050 5513 1114 5569 erpa
1135 5511 1183 5566 per
1202 5494 1273 5550 hanc
1286 5495 1399 5565 linguam

613 5603 716 5667 rolens,
730 5597 793 5671 quid
806 5597 863 5652 alti
878 5594 987 5665 Haptitti
999 5591 1122 5646 Dentiittts
1133 5598 1157 5643 et
1169 5587 1302 5643 laudabilia
1314 5586 1397 5640 nimis.

611 5693 669 5758 Dic,
683 5691 745 5757 dic,
759 5697 887 5762 quantum
902 5683 1040 5739 laudabilis
1052 5699 1059 5748 ;
1073 5681 1126 5736 dic.
1142 5677 1271 5733 Terribilia
1289 5685 1342 5743 eat,
1357 5677 1399 5730 iti·

613 5785 688 5853 titiit,¹
700 5800 777 5853 tttper
789 5795 875 5836 amaea
894 5779 963 5832 dcoa.
987 5774 1075 5842 Quare
1094 5770 1200 5834 dixisti,
1219 5785 1294 5842 saper
1314 5783 1399 5822 attinet

611 5875 696 5932 deos!
712 5873 838 5944 Quoniam
854 5886 939 5950 omae
949 5869 987 5924 eit·
1001 5866 1120 5923 Getttittnt
1136 5862 1273 5920 dieumnia.
1295 5861 1328 5917 Et
1342 5861 1399 5932 ipsa

616 6057 623 6075 ⁸
646 6053 655 6084 ¹
667 6059 728 6101 'tros
736 6058 801 6111 uas,
812 6048 932 6104 ιἰιιιιιιιιιι.

645 6113 703 6161 ¹sio
714 6120 762 6162 am.
776 6119 812 6161 rr.
825 6122 851 6164 et
863 6114 937 6164 nostrl
948 6119 1001 6162 uss.
1010 6117 1035 6161 at
1044 6116 1110 6170 tan,
1119 6119 1162 6172 per
1169 6112 1289 6170 mpttaas.

643 6175 682 6226 liii
699 6175 832 6224 nemisia.

1197 735 1225 791 S.
1245 732 1429 791 auaustuti
1443 730 1593 789 episcopt
1696 758 1699 763 ·

2153 732 2222 786 ldie!

1432 855 1474 902 est
1497 854 1552 900 tola
1573 845 1630 899 litus
1655 842 1724 897 illitis
1747 843 1789 913 atii
1813 830 1952 900 laudabilis
1975 853 2016 903 est
2039 846 2134 915 aittiia,
2158 837 2222 916 tia'ia
2278 906 2281 910 ,

1430 945 1538 1007 superat
1557 949 1651 990 omnes
1674 934 1739 990 deos
1758 933 1892 1001 Gentium,
1915 936 1959 1006 qni
1982 948 2045 993 aunt
2064 939 2221 996 dmintmial

1431 1028 1579 1097 Exspecta,
1601 1035 1628 1081 ct
1649 1025 1710 1081 audi
1734 1025 1803 1096 quod
1824 1026 1945 1097 sequitur
1965 1044 1972 1081 :
1992 1026 2115 1084 uitiatis
2137 1040 2222 1087 tarent

1431 1117 1660 1187 minatensium
1675 1132 1740 1188 ergo
1754 1132 1806 1172 nott
1822 1132 1903 1186 snper
1917 1117 2160 1189 usitatissimam,
2174 1125 2223 1178 sid

1432 1226 1512 1279 super
1526 1225 1619 1265 onmes
1633 1212 1715 1264 coelos
1727 1223 1795 1277 titios
1810 1208 1882 1266 lecit.
1899 1209 1927 1265 Si
1940 1210 2056 1278 diecret,
2070 1210 2157 1285 Sapor
2168 1231 2223 1270 aiii·

1433 1317 1477 1355 ner
1491 1302 1566 1366 deos,
1578 1301 1696 1370 attoaiant
1710 1317 1796 1355 amnes
1809 1300 1845 1354 dii
1860 1299 1977 1357 Gentium
1989 1300 2130 1371 amima.
2143 1316 2174 1362 et
2186 1307 2224 1361 ilii

1435 1393 1617 1449 tantummodo
1629 1403 1778 1448 remaneret
1790 1393 1907 1449 laudatio
1918 1395 2032 1465 Domini,
2046 1396 2135 1455 minus
2143 1398 2226 1465 dixe·

1434 1496 1476 1541 rat
1490 1502 1569 1557 tinam
1588 1500 1636 1542 nos
1653 1486 1770 1540 salernus
1781 1485 1815 1541 de
1826 1486 1933 1542 Cliristo
1944 1490 2061 1560 cogitare
2076 1508 2084 1546 t
2097 1506 2161 1549 eum
2174 1509 2221 1547 ait·
2278 1508 2285 1519 ·

1436 1587 1488 1633 teni
1507 1578 1583 1638 dixit.
1608 1577 1728 1631 Dominus
1751 1586 1834 1631 etitem
1856 1579 1930 1633 caelas
1954 1580 2012 1651 [ecit
2023 1597 2033 1644 ,·
2053 1582 2140 1637 ridete
2157 1583 2227 1661 quiri

1436 1669 1540 1724 intersit
1552 1669 1621 1725 inter
1629 1670 1712 1724 caelos
1725 1677 1752 1724 et
1764 1668 1912 1734 diemonia;
1924 1682 1952 1726 et
1963 1671 2051 1728 ridete
2062 1673 2126 1744 qnid
2139 1670 2226 1731 inler-

1435 1763 1472 1817 sit
1484 1763 1553 1817 inter
1573 1761 1738 1832 ipsnscoelos
1757 1772 1785 1817 et
1806 1762 1880 1818 illum
1901 1764 1945 1834 qui
1966 1762 2027 1819 lecit
2040 1752 2226 1835 aetestsstieee

1435 1862 1562 1922 quantuni
1577 1853 1697 1908 eroelsits
1712 1860 1753 1909 est
1766 1853 1903 1909 Dominus.
1925 1853 1983 1910 Non
1998 1855 2082 1923 dixit,
2096 1854 2227 1914 Domitius

1437 1953 1524 1998 antem
1538 1957 1619 2012 super
1639 1944 1721 1998 coelos
1739 1943 1832 2010 setlet;
1857 1937 1970 2001 sortasse
1989 1948 2060 2002 enim
2080 1947 2150 2009 alite
2166 1949 2226 2004 illm
2285 1941 2287 1945 ’

1438 2033 1533 2091 iecisse
1555 2043 1701 2106 putaretur,
1728 2051 1807 2105 super
1826 2051 1893 2107 quus
1915 2037 2020 2093 sederet
2043 2056 2050 2094 t
2074 2040 2123 2095 sed
2147 2041 2223 2106 dixit.

1438 2126 1563 2182 Dantintta
1576 2137 1660 2181 autem
1673 2124 1748 2181 caelos
1761 2128 1827 2207 [ecit.
1844 2127 1870 2183 si
1885 2128 1969 2184 coelus
1982 2128 2061 2196 lecit,
2076 2131 2156 2186 eliam
2169 2136 2224 2188 ilii·

1438 2217 1511 2305 pelas
1531 2216 1595 2273 lecit
1609 2235 1616 2271 ι
1632 2217 1690 2287 ipse
1704 2217 1765 2274 lecit
1777 2218 1904 2289 Angelos,
1919 2220 1977 2290 ipse
1996 2219 2058 2277 lecit
2071 2221 2223 2294 Apostolus.

1440 2308 1574 2378 apostatis
1587 2308 1717 2364 cedebant
1735 2308 1888 2365 daemoniat
1904 2310 1950 2367 sed
1965 2311 2014 2381 ipsi
2031 2314 2151 2382 Apostoli
2165 2318 2225 2372 caeli

1440 2410 1513 2458 erant
1524 2443 1533 2468 ,
1545 2400 1598 2472 ‘qiii
1614 2401 1753 2458 Dominum
1770 2403 1918 2472 portabant.
1943 2404 1976 2459 Et
1992 2420 2071 2474 quem
2086 2408 2225 2464 Domitium

1440 2492 1604 2563 portabantl
1625 2494 1713 2564 liquo
1731 2491 1791 2548 laeti
1811 2505 1897 2549 crant.
1915 2495 1982 2550 ludi
1994 2497 2131 2568 quiacaeli
2143 2510 2224 2558 sunt:

1440 2582 1501 2640 cet
1515 2593 1634 2639 enarrant
1646 2583 1754 2656 plumam
1767 2584 1815 2640 Dei
1830 2585 1913 2656 (Ptol.
1927 2602 2003 2653 aaut,
2016 2587 2056 2660 ἓ).
2070 2587 2139 2659 ipsis
2153 2592 2226 2648 cerlis

1440 2675 1555 2741 dicitnr,
1569 2675 1722 2730 Annundate
1739 2676 1766 2730 in
1779 2676 1890 2746 pentibus
1903 2678 2010 2747 pieriam
2023 2681 2088 2750 ejus,
2104 2680 2131 2735 ln
2145 2686 2226 2738 einai-
2248 2688 2255 2699 '

1441 2764 1486 2821 itia
1500 2764 1600 2836 papalia
1614 2764 1740 2820 mirabilia
1754 2767 1818 2836 ejas.
1840 2766 1965 2832 Qitaitiani
1983 2784 2089 2841 inapnus
2104 2769 2227 2828 Demeas

1442 2869 1465 2910 et
1485 2856 1620 2912 litttdolilit
1642 2857 1733 2923 nimie,
1758 2858 1875 2912 imilittr
1895 2847 1933 2913 eil
1953 2875 2028 2928 sttper
2048 2877 2136 2918 omna
2157 2863 2226 2918 daei.

1442 2949 1515 3017 Quos
1535 2949 1621 3003 dcasl
1646 2945 1772 3014 Quoniam
1790 2965 1876 3004 omnes
1896 2949 1932 3004 di't'
1955 2949 2071 3006 Gentium
2092 2952 2227 3010 doeniotiiii,

1443 3040 1476 3094 Ει
1490 3039 1547 3109 ipse
1565 3047 1607 3094 est
1628 3036 1755 3095 terribilis
1768 3054 1849 3110 super
1862 3055 1955 3096 omnes
1968 3041 2033 3097 istos
2047 3042 2123 3100 deos.
2139 3043 2228 3100 Domi·

1443 3147 1490 3185 ain
1500 3140 1583 3185 antean
1596 3130 1672 3187 color
1692 3131 1760 3203 feeit.
1775 3131 1885 3198 Dcoeli,
1900 3147 1966 3203 quas
1981 3132 2059 3198 lecit,
2074 3138 2231 3195 aununtiate

1444 3221 1598 3293 ingentibus
1604 3221 1715 3293 gloriam
1723 3221 1960 3292 eiuslAEdilicetur
1970 3224 2230 3298 domuspcromiteiu

1444 3323 1556 3379 terram,
1572 3321 1660 3368 cantet
1673 3312 1760 3368 omnis
1775 3321 1845 3368 terra
1858 3317 1990 3371 canticum
2003 3331 2112 3372 navum.

1479 3405 1505 3458 i.
1520 3401 1602 3476 [rete.
1615 3401 1655 3476 6.]
1673 3403 1802 3475 densatio
1821 3415 1847 3461 et
1868 3406 2029 3476 pulchritudo
2050 3407 2079 3462 in
2098 3421 2232 3480 comperiit

1341 3540 1343 3542 ,
1444 3496 1508 3564 einr.
1523 3494 1749 3552 Pulchritudinem
1771 3498 1866 3552 amasi
1886 3499 1927 3552 ris
1943 3514 2003 3555 esse
2015 3498 2147 3570 pulclicrl
2160 3501 2232 3558 cori-

1445 3586 1529 3642 Dtcre.
1542 3586 1600 3642 Nan
1612 3585 1688 3655 dixit,
1701 3586 1873 3644 Pulcliritudo
1885 3599 1913 3645 et
1925 3589 2076 3658 contentam
2095 3591 2154 3657 sed,
2166 3591 2233 3649 Gaa-

1444 3677 1520 3747 fettie
1538 3686 1561 3732 et
1582 3677 1754 3747 paleiritado.
1777 3678 1876 3737 Foedue
1896 3696 1975 3746 eras,
1994 3681 2124 3740 confitere
2143 3695 2174 3739 ιιι
2196 3687 2234 3742 sit

1446 3768 1555 3840 pulcher
1569 3786 1577 3823 a
1590 3778 1714 3840 peccator
1727 3772 1803 3837 eras,
1816 3770 1946 3827 conlitere
1960 3780 1989 3827 ut
2002 3773 2039 3828 sis
2051 3773 2150 3843 justus.
2171 3775 2233 3832 Fer-

1445 3859 1510 3914 dare
1533 3869 1558 3914 te
1580 3860 1712 3931 potuisti;
1737 3859 1882 3916 larmosutu
1908 3872 1934 3917 te
1957 3863 2046 3918 lacere
2069 3879 2122 3920 non
2146 3867 2233 3936 pates.

1445 3952 1536 4019 Qualis
1550 3961 1637 4009 antem
1651 3964 1692 4008 eet
1708 3967 1823 4024 sponsus
1835 3962 1935 4018 noster,
1950 3954 1996 4025 qui
2011 3953 2109 4011 lmdani
2123 3937 2234 4023 amarit,

1446 4053 1476 4098 ut
1488 4043 1623 4113 pnlclirani
1639 4042 1761 4099 laceret?
1782 4044 1928 4113 Quomodo,
1952 4046 1989 4099 ait
2009 4046 2113 4117 aliquis,
2136 4048 2234 4105 loeilani

1445 4136 1565 4191 amanili
1584 4135 1645 4191 Nan
1657 4138 1728 4200 reni,
1743 4136 1843 4207 inipitit,
1857 4152 1945 4190 uacare
1952 4137 2046 4210 justos
2060 4136 2105 4192 red
2116 4149 2230 4209 metae-

1447 4247 1496 4292 ιιι,
1507 4229 1614 4304 lllmtli.
1627 4245 1664 4296 tx,
1677 4230 1732 4301 ld).
1746 4230 1818 4296 Quos
1830 4244 1909 4285 noers
1924 4238 2091 4300 peccatores,
2102 4240 2133 4286 ut
2146 4248 2234 4287 rinna·

1449 4332 1529 4379 noant
1550 4322 1746 4394 peccatores¹l
1766 4322 1843 4388 Non,
1864 4323 1958 4392 inquit.
1982 4322 2015 4377 Et
2033 4324 2167 4392 quatitodo
2182 4341 2237 4381 nini

1448 4426 1526 4472 crunt
1537 4416 1709 4489 peccatores?
1722 4412 1854 4488 Caesetio
1862 4425 1885 4469 et
1896 4414 2057 4485 pulchritudo
2066 4416 2238 4486 inconspectit

1448 4510 1512 4579 ejas.
1537 4508 1704 4563 Confitentur
1727 4508 1798 4562 enirn
1823 4515 1928 4575 peccatu
1952 4520 2010 4572 sua,
2032 4516 2143 4560 vamiitit
2166 4508 2237 4562 iiiala

1448 4614 1508 4670 qtiae
1531 4599 1608 4654 aride
1637 4592 1812 4670 vereremini:
1837 4613 1889 4652 non
1915 4596 2028 4651 redeunt
2049 4595 2082 4651 ad
2105 4597 2236 4653 tentititnt

1449 4708 1537 4757 suum,
1551 4693 1620 4746 sieitt
1631 4691 1704 4745 ranis
1717 4688 1869 4745 immundus
1886 4687 1921 4759 (ll
1937 4688 2007 4743 Patr.
2018 4703 2047 4751 u,
2061 4687 2108 4758 22)
2121 4705 2128 4742 :
2142 4698 2170 4743 et
2185 4691 2237 4743 crit

1449 4783 1582 4840 confessio
1594 4793 1621 4838 et
1639 4782 1815 4852 palcltritttila.
1841 4783 1968 4836 liniamus
1993 4778 2236 4851 palchritudinem:

1450 4877 1523 4947 prius
1542 4875 1669 4945 aligenius
1689 4873 1893 4937 confessionem,
1918 4882 1946 4927 itt
1966 4882 2093 4942 sentiatur
2116 4871 2236 4942 pulcliri·

1450 4956 1524 5024 toda.
1550 4968 1646 5023 lterum
1668 4967 1757 5021 existit
1777 4965 1820 5035 tpii
1845 4977 1915 5020 attint
1938 4970 2093 5036 paterniani,
2115 4976 2189 5020 antut
2210 4978 2238 5022 ei

1451 5060 1689 5131 magnificentiam
1706 5056 1761 5113 vult
1783 5072 1842 5114 esse
1863 5072 1973 5127 magnus
1995 5055 2130 5126 qumodo
2143 5054 2237 5128 iugali

1450 5161 1525 5207 suut.
1537 5149 1728 5221 iligniltceiitia
1750 5148 1869 5220 quasdam
1883 5160 1922 5203 est
1938 5149 1963 5202 iit
1977 5146 2105 5218 Angelis3
2125 5155 2153 5203 et
2165 5156 2238 5204 tanta

1450 5244 1579 5315 patentia,
1591 5253 1619 5299 ut
1631 5242 1655 5297 si
1668 5241 1766 5298 iaciant
1778 5241 1870 5312 augeli
1885 5240 2008 5311 quidquid
2023 5248 2144 5310 possunt,
2159 5245 2238 5297 ansti-

1452 5338 1507 5393 neri
1522 5351 1574 5391 riori
1589 5333 1681 5406 possit.
1701 5334 1734 5389 Et
1752 5335 1839 5389 omnis
1854 5333 1933 5386 banio
1947 5333 2078 5388 desiderat
2090 5332 2237 5402 potentiam

1451 5427 1621 5499 Angelorum,
1631 5425 1679 5482 sed
1689 5426 1816 5497 justitiam
1826 5425 1985 5494 litgelorum
1999 5439 2051 5478 nan
2065 5433 2147 5479 amat.
2161 5423 2237 5479 Prius·

1449 5517 1577 5588 jttstitiani
1599 5517 1688 5588 dilige,
1702 5526 1730 5572 ct
1750 5524 1877 5585 sequetur
1893 5523 1919 5570 te
1938 5516 2067 5585 potentia.
2083 5514 2153 5581 Quid
2165 5515 2235 5570 eriini

1451 5610 1570 5680 sequitur
1582 5617 1609 5663 et
1623 5608 1687 5662 iiicl
1706 5607 1834 5664 Sanctitas
1846 5618 1869 5662 et
1884 5606 2070 5683 niapaificentt‘a
2081 5607 2106 5659 iii
2123 5607 2236 5676 sanctifi·

1450 5703 1549 5774 catione
1561 5701 1623 5770 ejas.
1639 5699 1679 5755 Tu
1688 5699 1742 5769 jam
1756 5699 1893 5771 quaerebas
1906 5697 2127 5769 magnificentiam
2143 5717 2150 5754 ι
2164 5699 2238 5768 prius

1451 5793 1531 5864 dilige
1543 5793 1729 5858 sanctitatem
1750 5808 1810 5848 cuin
1831 5791 2009 5847 sanctificatus
2030 5789 2127 5855 lucris,
2141 5791 2196 5846 eris
2211 5799 2237 5846 et

1451 5885 1615 5960 magnificus.
1638 5884 1705 5940 liam
1726 5883 1749 5942 si
1769 5893 1932 5956 prepostero
1953 5882 2027 5955 prim
2043 5893 2104 5938 csse
2117 5880 2236 5938 volueris

1482 6093 1491 6125 ¹
1505 6100 1540 6143 er.
1560 6100 1618 6140 ten.
1629 6097 1695 6148 tan,
1707 6097 1767 6150 onai
1778 6098 1846 6137 amai
1857 6077 2006 6149 peccatores?
2022 6075 2121 6132 enideo
2130 6086 2201 6128 tatas
2211 6078 2239 6124 ιιι

1451 6161 1587 6207 retiimieiutt
1599 6161 1742 6217 pertulum
1771 6158 1798 6199 ll.
2085 6168 2088 6174 Α
2213 6147 2217 6154 ’
