5400 7059
550 754 620 812 {893

550 869 596 937 uni
620 865 681 921 lecit
709 866 826 928 ciclum,
851 872 879 916 ct
898 872 1016 924 terram,
1047 870 1073 915 ει
1102 873 1194 923 mare,
1219 871 1330 926 irruguus

488 988 491 993 -
553 959 642 1020 tuos,
663 955 710 1010 scd
732 953 856 1022 ourmpuid
890 952 987 1019 cogicit
1020 950 1054 1003 de
1081 950 1144 1003 me?
1165 947 1222 1016 ipse
1245 955 1271 1001 tc
1292 945 1331 999 ιε-

551 1048 605 1113 ειι,
626 1047 760 1102 diceretur
781 1044 836 1098 tibi.
859 1042 1018 1111 Quomodo?
1043 1040 1169 1110 ruunquid
1197 1056 1246 1108 ego
1272 1053 1330 1091 sum

551 1138 667 1201 eoelurn,
689 1146 734 1191 aut
757 1149 805 1204 ego
825 1149 883 1188 sum
907 1143 996 1196 terra,
1019 1141 1065 1184 aut
1084 1145 1133 1198 ego
1154 1144 1211 1183 som
1235 1127 1331 1181 omre?

550 1227 585 1280 Et
614 1226 719 1296 uiridem
749 1223 917 1279 mnnttestom
952 1231 1008 1285 cst,
1043 1236 1092 1276 nec
1125 1219 1221 1276 coelom
1250 1233 1330 1284 suro,

549 1331 599 1370 ucc
628 1325 697 1369 terra
728 1326 826 1377 sums
845 1328 894 1368 uec
923 1328 997 1366 marc
1024 1326 1102 1375 sum;
1132 1308 1179 1364 scd
1207 1309 1234 1363 in
1261 1317 1330 1363 terra

548 1421 617 1458 sum.
631 1404 676 1458 ιει
689 1404 740 1464 boe
752 1403 877 1458 concedis
892 1402 973 1467 milri,
989 1401 1049 1469 qnia
1069 1401 1095 1454 in
1117 1410 1187 1457 terra
1207 1414 1246 1453 εε.
1261 1399 1330 1455 nudi

549 1496 608 1563 qnia
623 1511 674 1548 non
695 1504 796 1549 tantum
808 1494 904 1549 roelum
919 1503 946 1548 et
960 1502 1056 1547 terram
1071 1503 1098 1548 et
1112 1508 1186 1546 mure
1200 1493 1268 1547 ileos
1288 1489 1330 1546 le*

547 1588 600 1644 cit:
616 1586 640 1639 F
641 1588 687 1641 ecit
699 1588 768 1643 enim
777 1586 876 1652 calum,
886 1596 909 1640 et
922 1595 1023 1651 terram,
1033 1596 1056 1639 et
1062 1601 1139 1651 mare,
1147 1595 1169 1638 et
1180 1584 1265 1638 ontnia
1274 1598 1330 1652 puoe

547 1680 572 1732 in
584 1679 734 1734 cirenensi
748 1695 810 1749 erpo
819 1679 902 1733 artenia
915 1694 972 1748 quc
981 1679 1007 1730 in
1017 1679 1052 1732 eir
1065 1688 1133 1741 aunt,
1144 1686 1171 1730 et
1184 1687 1219 1732 tc.
1233 1676 1328 1730 Parum

546 1769 615 1837 dico,
631 1780 657 1826 ιε
673 1788 680 1825 :
697 1771 989 1841 passorctmlocustam,
1002 1769 1192 1831 rcrrnicolum;
1206 1767 1269 1820 nilrit
1281 1767 1329 1820 lto·

546 1876 605 1915 rom
619 1877 670 1914 nou
681 1861 726 1916 ille
739 1860 810 1928 lecit,
819 1871 914 1916 etcora
926 1868 967 1915 est
981 1861 1018 1914 illi
1033 1859 1067 1914 dc
1078 1860 1211 1914 onruilms.
1224 1858 1281 1912 Non
1295 1857 1328 1911 ad

546 1963 705 2023 pracceptum
725 1969 788 2008 cura
809 1962 870 2021 est;
891 1970 950 2008 uam
975 1960 1135 2022 praeceptum
1158 1952 1208 2006 soli
1228 1950 1327 2005 bomini

546 2046 627 2100 dedit.
641 2047 708 2099 otc-tt
720 2047 789 2102 enim
805 2046 934 2116 psalmus:
948 2043 1067 2098 liorninea
1087 2053 1110 2107 et
1118 2045 1234 2112 jumenta
1247 2042 1329 2096 saluar

1092 745 1336 801 [pitinnatam
1357 745 1516 801 Ρδιιιιιιιι
1537 747 1638 804 CXLV.

2100 751 2168 811 ldbb

1386 857 1481 912 luutnte
1491 858 1575 915 Patria
1586 863 1657 916 neutri
1664 862 1676 916 l
1689 862 1788 929 erarrta
1799 864 1877 934 mapis
1888 880 1929 919 not
1942 865 2087 933 plnrieeatie
2097 864 2169 924 itm?

1383 946 1441 1002 tt.=tt
1455 967 1520 1020 crgo
1539 952 1648 1007 dicere:
1669 954 1726 1008 Non
1748 956 1866 1024 pertineo
1882 955 1915 1010 ad
1936 955 2028 1009 Derim.
2050 955 2170 1012 Pertinet

1383 1041 1415 1094 ad
1433 1042 1512 1096 [teum
1528 1045 1614 1098 anirm
1629 1054 1681 1108 tua,
1700 1047 1811 1113 pertinet
1826 1046 1857 1100 ad
1870 1046 1953 1100 beorn
1966 1060 2062 1115 corpus
2074 1055 2165 1113 ιιιιιιιις

1382 1130 1442 1198 quio
1454 1131 1522 1186 itens
1537 1131 1598 1187 lecit
1610 1144 1636 1188 ει
1646 1135 1760 1188 noiomo
1777 1145 1846 1188 tuam
1861 1144 1888 1190 et
1906 1149 2002 1204 eorpus
2014 1145 2098 1190 tuum.
2120 1135 2169 1190 ιιι·

1382 1223 1420 1277 cis
1436 1226 1520 1278 torte:
1542 1226 1599 1280 Non
1613 1242 1655 1280 me
1671 1237 1791 1281 notuerat
1805 1228 1874 1282 licus
1891 1228 1918 1283 iu
1940 1242 2033 1297 uragoa
2047 1227 2167 1283 multitu·

1382 1312 1453 1367 dine.
1469 1315 1577 1371 Accedit
1593 1317 1628 1370 ibi
1645 1317 1739 1370 mirum
1752 1318 1784 1371 ιιε
1798 1318 1957 1387 Evangelio:
1973 1316 2066 1388 Capilli
2078 1316 2167 1386 capitia

1381 1406 1454 1458 beatri
1466 1422 1549 1459 ornares
1564 1408 1685 1460 nutrierat?
1698 1419 1754 1461 rutrt
1767 1407 1870 1479 (blattlr.
1885 1426 1912 1474 x,
1925 1408 2031 1480 ‘to-et).

1419 1495 1462 1548 t5.
1479 1492 1553 1566 [nera.
1565 1496 1591 1561 t,
1606 1494 1644 1568 8.]
1657 1497 1725 1566 Ergo
1738 1497 1807 1552 licus
1824 1509 1959 1565 mensem,
1971 1512 1997 1554 et
2010 1498 2035 1553 iu
2049 1498 2094 1554 ilio
2103 1513 2166 1569 spes

1381 1599 1451 1650 meo,
1469 1588 1510 1656 qui
1523 1587 1580 1657 [ecit
1595 1588 1681 1642 coelmu
1695 1599 1717 1642 ει
1736 1599 1838 1653 terram,
1858 1607 1927 1644 more
1945 1600 1968 1645 et
1981 1591 2063 1644 antula
2074 1590 2167 1660 marein

1381 1677 1415 1729 eie
1427 1687 1493 1730 rant.
1508 1678 1582 1746 Quod
1601 1688 1689 1734 autem
1710 1681 1742 1734 ad
1764 1698 1807 1736 me
1823 1682 1946 1751 pertinet,
1964 1683 2026 1753 qnid
2040 1681 2094 1752 agit
2106 1696 2165 1737 me-

1380 1781 1439 1820 cum
1448 1769 1460 1819 ‘l
1473 1767 1522 1832 Qui
1539 1770 1645 1824 custodit
1656 1772 1781 1826 ceritatem
1792 1773 1816 1826 in
1832 1782 1961 1827 aeteruum.
1977 1772 2166 1828 Etunrandom

1382 1856 1463 1911 [teum
1476 1860 1681 1928 commendavit,
1697 1872 1723 1916 et
1737 1862 1892 1934 timendum.
1915 1863 1964 1929 Qui
1982 1864 2088 1918 custodit
2099 1863 2166 1920 ueri·

1380 1958 1455 2003 tatem
1464 1951 1626 2006 inoeterunm.
1642 1954 1724 2021 Quam
1736 1957 1872 2009 veritatem
1882 1956 1907 2010 in
1916 1966 2043 2011 aeteruum
2052 1956 2064 2010 l
2074 1971 2165 2027 quatu,

1379 2051 1406 2096 et
1419 2043 1443 2096 in
1458 2059 1512 2114 quo
1523 2046 1637 2100 custodit
1654 2047 1810 2101 veritatem?
1826 2047 1969 2101 Facientem
1982 2049 2108 2119 judcium
2122 2050 2166 2103 iu·

545 2139 637 2207 facim,
651 2135 773 2201 llontt'ue,·
788 2137 923 2191 recaredum
945 2135 1131 2189 mollitudinem
1151 2135 1329 2189 uriterieordioe
1373 2137 1471 2204 pariant
1491 2137 1677 2205 accipientibus.
1703 2139 1823 2195 Vindicat
1853 2141 1974 2209 iujuriam
1994 2142 2165 2210 accipientes,

545 2238 611 2291 tute,
625 2225 695 2282 Deae
711 2226 795 2300 (Paul.
809 2243 879 2281 xxxv
889 2269 896 2292 ,
908 2227 924 2280 'l
936 2269 943 2292 ,
955 2224 993 2296 8).
1008 2224 1211 2288 duldedinem,
1227 2224 1325 2293 inquit,

544 2321 722 2376 nrirerieardia’
732 2332 781 2375 tute
788 2337 798 2386 ,·
809 2320 945 2375 seeundum
957 2319 1024 2373 lianc
1037 2318 1118 2372 caloae
1129 2318 1206 2388 farier
1215 2317 1327 2371 lromiuee

544 2425 567 2469 et
577 2418 702 2487 junceum.
717 2417 750 2471 to
765 2418 906 2486 apostotos
922 2435 929 2470 :
947 2415 1080 2486 Nnnrpuiel
1092 2414 1209 2470 debebas
1219 2432 1280 2469 eura
1291 2425 1327 2470 eat

543 2506 616 2561 bea?
630 2507 695 2575 liae,
707 2507 747 2562 Dr
762 2508 838 2562 babos
851 2524 912 2561 eura
926 2523 978 2560 noo
989 2516 1026 2560 ert
1037 2505 1090 2561 Dia
1098 2522 1108 2572 ,¹
1122 2505 1190 2572 hac,
1205 2505 1327 2561 Homines

543 2608 566 2651 et
580 2598 697 2668 jumenta
713 2598 796 2653 saluar
809 2599 897 2669 faciet,
913 2597 1039 2652 bomine:
1053 2597 1179 2668 nuncquid
1194 2597 1325 2652 contraria

542 2702 603 2744 suot
618 2689 688 2745 ista?
702 2691 769 2758 Quid
781 2695 851 2745 enim
867 2692 904 2744 ait
919 2690 1078 2760 Apostolus?
1091 2687 1224 2762 Numquid
1236 2690 1266 2743 de
1279 2690 1326 2743 bo-

543 2784 587 2836 ιιιι
601 2784 706 2853 pertinet
721 2783 755 2842 atl
765 2781 868 2837 Deum?
883 2781 931 2837 Uiri
946 2792 987 2836 εει
1007 2790 1184 2851 pracceptum,
1200 2779 1261 2833 Boni
1278 2780 1324 2832 tri·

543 2874 638 2926 taranti
651 2889 679 2926 or
695 2882 744 2928 neu
757 2871 895 2943 infrenabis
906 2871 928 2938 (i
944 2871 1002 2925 Car.
1017 2887 1053 2936 rr,
1067 2870 1101 2935 93
1117 2869 1191 2923 lleut.
1203 2886 1265 2938 xxv,
1276 2867 1323 2940 l);

542 2963 622 3018 ibide
636 2954 719 3018 lrabu's
733 2979 785 3018 nou
795 2964 920 3034 cogitarit
935 2963 1022 3016 Deus?
1037 2962 1127 3033 ltaque
1140 2963 1267 3033 quosdam
1279 2964 1326 3016 bo-

541 3070 587 3109 rcs
600 3056 682 3110 uoluit
700 3055 854 3126 significari.
868 3054 925 3109 Non
939 3056 1008 3109 euim
1029 3054 1079 3110 hoc
1093 3063 1168 3109 curat
1184 3055 1252 3107 ιιειιε
1267 3068 1325 3107 ιιιο·

541 3163 604 3199 oure
619 3147 680 3216 quiid
696 3162 758 3215 agas
777 3162 837 3202 cum
858 3145 958 3209 bobus;
983 3146 1061 3201 babet
1083 3145 1133 3200 hoc
1155 3155 1248 3199 natura
1268 3145 1322 3215 ipsa

540 3237 663 3292 hortium.
680 3240 724 3292 Sic
742 3240 825 3292 iactus
839 3248 880 3294 est
895 3238 993 3305 honio,
1010 3247 1038 3292 ut
1053 3237 1123 3291 norit
1134 3238 1324 3308 consulereju·

540 3329 636 3385 urentis
648 3333 704 3386 sois
719 3348 725 3383 ε
741 3348 791 3386 nce
805 3331 866 3387 iude
881 3342 1011 3402 pra-cepta
1031 3347 1045 3385 a
1065 3331 1120 3385 [teo
1142 3332 1261 3401 acecpit,
1275 3332 1324 3388 sed

540 3424 698 3476 insinuatum
709 3433 751 3478 est
763 3423 799 3476 itti
810 3417 960 3476 innuentem
975 3437 990 3475 a
1007 3422 1070 3487 Deo,
1086 3429 1114 3476 ιιι
1131 3424 1213 3491 possit
1228 3432 1255 3477 ct
1266 3423 1323 3478 sino

540 3513 783 3584 prn·ccptolneere;
799 3513 859 3568 lecit
870 3513 942 3567 illum
958 3514 1037 3567 talem
1056 3514 1134 3567 Ιιειιε.
1150 3512 1201 3568 Scd
1213 3529 1324 3584 quomo·

538 3606 572 3658 do
588 3605 653 3671 repit
665 3619 757 3674 pecus,
772 3602 903 3674 regendos
916 3612 957 3656 cst
966 3603 999 3657 ab
1011 3604 1062 3657 alio
1075 3620 1081 3667 ;
1095 3603 1128 3658 ab
1139 3618 1202 3658 eoa
1217 3618 1269 3673 quo
1278 3619 1322 3659 rc·

537 3696 616 3763 gitur,
631 3702 793 3762 pracceptum
806 3695 918 3762 accepit.
933 3693 972 3747 tid
982 3695 1105 3762 praecepti
1117 3708 1180 3764 ergo
1193 3703 1321 3784 tenorem,

539 3802 590 3840 orm
605 3795 640 3840 εει
652 3786 683 3839 de
694 3785 771 3841 bobus
784 3803 845 3840 eura
859 3785 914 3839 lieo
929 3786 979 3840 :ud
990 3786 1181 3856 procidentiam
1192 3788 1323 3843 universi-

538 3882 607 3943 tatis,
619 3897 669 3950 quta
684 3880 783 3936 crearit
795 3881 882 3934 omnia
893 3890 919 3934 ct
933 3879 1059 3935 mundum
1076 3879 1285 3950 repudiantium
1298 3889 1322 3937 el

537 3975 647 4042 inurente
657 3974 739 4028 salros
752 3973 838 4043 saciet,
852 3971 969 4025 llornine.

572 4064 614 4118 ιι.
640 4063 759 4118 intendat
772 4061 892 4116 Charitas
907 4071 1007 4116 restra.
1029 4060 1076 4114 liic
1090 4062 1156 4115 iortc
1170 4061 1264 4130 aliquis
1278 4062 1320 4116 di·

536 4167 576 4207 cnt
588 4155 650 4207 milri
669 4154 705 4223 (a)
724 4153 780 4207 :De
792 4152 865 4206 Novo
881 4151 1049 4206 Testamenta
1059 4161 1108 4213 εει,
1122 4152 1181 4221 quia
1197 4151 1235 4205 De
1245 4151 1322 4208 bobio

537 4260 587 4297 nou
602 4244 705 4310 pertinet
716 4241 749 4294 ad
764 4242 842 4317 Deum
855 4258 864 4295 :
879 4240 1001 4294 Horttinet
1022 4249 1044 4293 et
1052 4242 1169 4309 jtrnrenta
1182 4242 1263 4296 salbas
1282 4246 1321 4312 la·

536 4339 596 4397 cira,
612 4334 727 4398 Dourine,
740 4333 772 4388 dc
786 4333 874 4387 Veteri
887 4331 1056 4387 Testamenta
1070 4341 1119 4385 est.
1141 4331 1206 4386 Sunt
1218 4334 1261 4402 qui
1273 4348 1319 4386 ca-

535 4428 705 4493 lumnientur,
719 4436 746 4480 et
760 4427 849 4494 dicant
862 4440 914 4480 non
927 4425 976 4478 silti
987 4440 1133 4479 consonare
1146 4425 1195 4479 ista
1205 4425 1257 4479 duo
1266 4424 1319 4481 Τε-

535 4528 673 4573 uarncnta.
700 4517 738 4572 Nc
763 4517 830 4571 sorte
850 4514 921 4571 aliud
941 4515 1011 4570 dicat
1032 4516 1056 4569 iu
1073 4516 1180 4580 Vetere,
1203 4517 1274 4569 aliud
1292 4517 1321 4570 iu

535 4609 616 4673 Novo,
637 4619 663 4662 et
685 4608 783 4678 flagitet
802 4607 834 4661 de
854 4622 896 4661 mc
916 4607 1073 4662 seutentiam
1095 4606 1129 4661 de
1150 4606 1224 4661 Nora
1240 4608 1319 4664 talem

534 4703 617 4770 rpmlis
631 4700 688 4754 lraec
702 4709 752 4765 est,
768 4699 889 4754 llomiuea
906 4709 929 4753 et
937 4701 1053 4770 jumenta
1065 4701 1147 4753 salvae
1162 4701 1250 4769 larice,
1263 4699 1318 4755 Do·

534 4794 619 4859 utine,
640 4793 703 4863 quid
722 4792 811 4848 lucio?
827 4792 897 4847 Nihil
916 4803 968 4847 tam
992 4793 1017 4845 in
1039 4793 1125 4863 capite
1142 4792 1206 4847 Nori
1226 4793 1320 4848 Testa-

533 4886 627 4951 menti,
643 4900 720 4954 quam
737 4885 919 4955 Erauchiuur.
940 4883 967 4937 lu
983 4884 1124 4952 Evangelio
1136 4884 1241 4938 irucnio
1258 4888 1318 4955 qtria

534 4977 621 5030 onom
632 4976 681 5030 ista
693 4978 824 5045 pertinent
833 4976 865 5030 ad
877 4976 970 5039 Deum,
984 4964 1062 5029 rrcnro
1074 4975 1125 5029 crit
1135 4975 1189 5044 jam
1204 4976 1246 5045 uui
1256 4991 1318 5031 eon·

534 5066 655 5121 cradicat.
671 5065 802 5135 Numquid
816 5067 886 5121 enim
899 5066 1038 5136 Apostolus
1053 5063 1197 5136 Erartgelio
1211 5077 1319 5121 contra·

536 5159 589 5212 rius
607 5160 677 5213 erit?
697 5158 842 5215 Audiamus
858 5160 941 5227 ipsum
958 5159 1107 5221 Dominum,
1127 5159 1270 5227 principem
1292 5167 1319 5213 et

534 5249 688 5319 magistrum
699 5250 897 5320 Apostolorum.
909 5248 1042 5320 lierpicite,
1054 5249 1147 5319 inquit,
1155 5249 1266 5303 volatilia
1274 5265 1320 5302 cte·

533 5343 561 5403 ti,
573 5343 631 5412 qnia
639 5359 689 5397 non
697 5343 830 5418 cuninam,
844 5359 921 5412 traque
930 5351 1034 5406 metunt,
1044 5358 1122 5410 neque
1130 5352 1281 5413 conprepant
1293 5342 1319 5396 in

533 5439 641 5494 barren:
656 5444 678 5487 et
694 5432 772 5487 Pater
792 5444 869 5488 venter
882 5434 987 5487 eoeleetia
1005 5434 1084 5502 pateit
1100 5434 1145 5486 illa
1163 5432 1267 5502 (llarttlr.
1282 5450 1316 5497 rt,

532 5523 588 5593 itt).
604 5524 674 5594 Ergo
686 5534 712 5579 ει
724 5537 818 5594 practer
827 5526 971 5589 ironriuem,
987 5525 1111 5578 animalia
1122 5525 1171 5578 ista
1183 5526 1319 5594 pertinent

531 5617 563 5670 ad
578 5630 667 5672 curam
679 5617 736 5682 Dei,
754 5628 780 5670 ιιι
793 5627 944 5688 pascuntur,
960 5633 1013 5670 non
1034 5625 1061 5668 ot
1078 5616 1161 5687 legem
1177 5616 1316 5684 accipiant.

531 5708 604 5773 Quod
624 5722 686 5778 crgo
699 5707 732 5761 ad
752 5707 864 5761 dandam
883 5708 965 5776 legem
984 5706 1089 5771 attinet,
1104 5705 1138 5761 de
1158 5705 1242 5761 bobus
1254 5721 1317 5761 cura

533 5802 586 5853 ltco
608 5815 659 5852 non
686 5811 743 5863 est;
770 5799 840 5870 qmd
864 5809 952 5853 autem
976 5797 1153 5862 adornanda,
1175 5800 1316 5869 pascenda,

530 5889 699 5958 girttemanda
714 5899 741 5944 et
760 5890 883 5959 regenda,
903 5893 990 5944 omnia
1012 5891 1044 5943 ad
1067 5889 1150 5944 Deum
1173 5890 1317 5959 pertinent.

531 5982 680 6036 ri'onnedua
696 5999 807 6050 pascerer
821 6001 877 6037 arae
892 5992 995 6036 uenerint
1007 5982 1317 6053 (ooiotoostcsoscmi-

530 6088 585 6128 stus
597 6072 687 6142 llicit),
704 6082 725 6126 et
739 6091 804 6126 artur
821 6092 852 6128 ea
870 6075 905 6126 eir
920 6090 969 6127 tran
984 6073 1055 6128 carlet
1068 6074 1093 6128 ιιι
1107 6082 1198 6128 ter-ram
1209 6075 1262 6130 tiue
1276 6089 1318 6129 ao·

562 6187 597 6247 (a)
611 6187 651 6233 ilic
661 6185 818 6250 designantur
830 6185 958 6236 nantium.
1172 6253 1182 6281 x

1379 2222 1474 2279 iratres
1483 2227 1551 2292 mei;
1564 2228 1626 2283 lacit
1635 2229 1686 2284 illis
1697 2229 1835 2299 judicium.
1845 2231 1962 2297 Quibus?
1973 2231 2022 2299 Qui
2031 2232 2166 2300 accipiunt

1378 2314 1511 2384 injuriam,
1526 2319 1638 2387 puniens
1657 2335 1750 2374 ornnes
1769 2320 1920 2390 injuriosos.
1939 2320 1966 2376 Si
1986 2336 2050 2392 ergo
2066 2320 2166 2377 lacebit

1378 2403 1499 2474 injuriam
1512 2408 1702 2476 accipientibus
1711 2421 1737 2464 et
1748 2411 1839 2480 pooiet
1852 2412 2002 2481 injuriosos,
2015 2412 2074 2467 vide
2085 2412 2166 2471 mode

1377 2495 1533 2567 danaorum
1549 2515 1659 2556 munero
1681 2503 1802 2558 essoris.
1817 2503 1892 2570 Vide,
1911 2505 2018 2561 attende
2035 2516 2122 2561 atram
2137 2506 2165 2562 ln

1377 2589 1416 2642 eis
1430 2589 1496 2645 reiis
1509 2605 1579 2658 esse,
1604 2593 1648 2663 qui
1663 2593 1785 2662 iujuriam
1808 2596 1951 2665 accipiunt,
1974 2611 2007 2650 nn
2026 2597 2053 2651 io
2068 2598 2107 2652 eis
2119 2597 2165 2667 qut

1377 2679 1500 2750 injuriam
1523 2682 1632 2738 iaciunt.
1657 2685 1751 2740 Statim
1775 2688 1845 2742 enirn
1871 2687 1905 2742 ad
1927 2698 1953 2743 te
1977 2689 2094 2758 procedit
2111 2704 2164 2746 εει

1376 2771 1529 2839 apostolica,
1541 2783 1567 2827 et
1580 2773 1645 2828 dicit
1658 2775 1714 2841 tibi,
1730 2775 1790 2829 lant
1807 2777 1908 2846 quidem
1927 2780 2029 2833 cumino
2043 2778 2164 2835 aeteram
2221 2814 2222 2819 =

1377 2873 1421 2928 eet,
1437 2864 1600 2934 qniajudieia
1611 2864 1706 2921 bebetis
1718 2868 1852 2922 nobiseum.
1870 2868 1954 2936 Quare
1970 2887 2020 2923 nau
2032 2872 2111 2942 nrapir
2122 2871 2165 2929 iu-

1374 2955 1469 3025 p'uriam
1490 2958 1604 3027 patimini
1628 2958 1655 3031 (l
1670 2957 1728 3025 Gar.
1751 2976 1790 3024 rr,
1815 2960 1869 3030 ?)?
1891 2945 2010 3032 Comipit
2029 2961 2163 3031 homines,

1375 3046 1434 3114 qnia
1445 3061 1495 3101 non
1508 3047 1643 3116 patiuntur
1651 3048 1785 3120 injuriam.
1793 3050 1848 3105 Nou
1858 3062 1886 3107 ut
1897 3054 2004 3121 patiaris
2014 3052 2164 3110 molestiam

1376 3144 1401 3191 te
1426 3136 1553 3207 hortator,
1582 3140 1629 3197 sed
1654 3150 1682 3196 ut
1707 3143 1814 3212 patiaris
1838 3144 1986 3213 injuriam:
2012 3159 2063 3199 uon
2089 3146 2163 3200 euim

1375 3231 1461 3283 omnis
1477 3232 1596 3286 molestia
1618 3234 1711 3304 injuria
1727 3244 1777 3289 cst.
1792 3234 1923 3305 Quidquid
1937 3236 2007 3292 enim
2020 3237 2078 3306 jure
2091 3245 2164 3308 pate·

1375 3319 1422 3385 ris,
1437 3336 1490 3375 nun
1507 3332 1547 3378 est
1560 3323 1665 3393 injuria.
1690 3324 1729 3380 Ne
1749 3326 1816 3380 lone
1834 3326 1960 3381 diceres:
1982 3326 2015 3380 Et
2031 3343 2081 3399 ego
2094 3328 2163 3383 inter

1375 3412 1496 3482 iujuriam
1511 3430 1603 3485 passos
1623 3432 1765 3482 mmrcror;
1787 3434 1847 3472 nuru
1862 3414 1925 3473 illud
1948 3419 1974 3474 in
1993 3420 2040 3473 illd
2052 3420 2120 3483 loeo,
2134 3426 2162 3475 et

1374 3503 1439 3560 illrrd
1451 3521 1531 3561 causa
1547 3509 1589 3562 illa
1602 3524 1696 3580 passos
1710 3526 1777 3563 snm.
1804 3511 1867 3565 vioe
1884 3511 1907 3565 si
1928 3512 2050 3580 iujuriam
2068 3528 2162 3582 passos

1373 3610 1412 3651 es.
1426 3595 1554 3654 Latrones
1566 3601 1647 3654 muln
1665 3603 1807 3669 patiamur,
1819 3604 1865 3658 sed
1882 3620 1934 3658 nou
1948 3605 2069 3673 iujuriam
2081 3623 2087 3658 :
2100 3621 2161 3662 see·

1372 3685 1460 3752 lereti,
1486 3688 1607 3756 maicltci,
1638 3691 1801 3758 effractores,
1826 3693 1953 3759 adulteri,
1981 3705 2160 3764 corruptores,

1373 3791 1465 3832 omues
1482 3771 1617 3848 patiuntur
1638 3784 1719 3837 nmini
1736 3784 1814 3850 mala,
1837 3786 1884 3840 sed
1905 3787 1975 3839 nolin
1994 3797 2035 3841 cst
2055 3788 2159 3857 injuria.

1372 3871 1449 3926 Aliud
1462 3882 1503 3927 est
1516 3873 1568 3943 pati
1583 3874 1704 3943 injuriam
1716 3893 1723 3939 ;
1737 3877 1807 3932 aliud
1820 3878 1874 3947 pati
1890 3878 2095 3946 tribulationem,
2114 3888 2161 3937 aut

1374 3979 1489 4032 proennm,
1509 3975 1554 4019 aut
1577 3966 1736 4033 molestiam,
1762 3976 1807 4023 aot
1824 3956 1991 4039 supplicium.
2014 3970 2159 4027 Corrsidora

1373 4055 1415 4106 ubi
1430 4056 1477 4117 sis,
1498 4055 1559 4123 quid
1575 4056 1660 4125 egeris
1675 4058 1744 4121 ride.
1760 4075 1841 4125 auare
1857 4059 2054 4126 patiarisrido:
2081 4071 2107 4116 ct
2122 4062 2159 4118 ibi

1372 4144 1445 4198 vides
1458 4145 1519 4215 quid
1534 4147 1651 4215 patiaris.
1673 4147 1720 4203 lus
1732 4158 1759 4202 ct
1770 4147 1865 4216 injuria
1880 4151 2011 4204 contraria
2024 4158 2093 4204 snrtt.
2108 4151 2158 4207 lue

1372 4237 1441 4289 enirn
1456 4244 1496 4290 cst
1517 4238 1587 4306 qrrod
1609 4239 1703 4306 iustam
1723 4249 1773 4293 εει.
1798 4238 1887 4310 Neque
1907 4242 1976 4294 cuim
1995 4241 2158 4312 mnneuuotl

1369 4329 1413 4399 jus
1433 4329 1539 4395 dicitur,
1559 4333 1602 4400 jus
1621 4342 1670 4386 est.
1693 4332 1759 4400 Quid
1780 4334 1801 4386 ει
1821 4332 1915 4402 aliquis
1931 4334 2027 4388 condat
2041 4335 2084 4403 jos
2099 4335 2159 4390 ini·

1372 4421 1471 4490 quum?
1485 4420 1538 4475 Nec
1552 4421 1748 4490 predicendum
1762 4432 1813 4486 cst,
1834 4423 1857 4476 si
1878 4423 2002 4491 injustum
2022 4434 2072 4480 cst.
2092 4423 2158 4482 illud

1372 4527 1435 4582 ergo
1449 4512 1599 4581 rerumjus,
1616 4513 1684 4582 quod
1699 4514 1778 4567 etiam
1789 4513 1887 4581 justum
1901 4523 1951 4570 est.
1967 4515 2031 4571 Vide
2042 4513 2105 4586 ‹prrid
2116 4516 2157 4572 le·

1371 4604 1451 4667 ceris,
1466 4619 1518 4660 non
1534 4604 1598 4673 quid
1611 4604 1728 4673 patiaris.
1744 4605 1770 4659 Si
1782 4606 1826 4673 jus
1841 4604 1935 4667 iecisti,
1948 4606 2070 4684 iujuriam
2084 4617 2158 4678 palc-
2205 4661 2209 4670 .

1371 4696 1428 4749 ris:
1444 4695 1466 4749 si
1483 4694 1604 4764 injurium
1619 4695 1715 4760 iecisti,
1728 4696 1770 4765 jus
1784 4697 1891 4765 pateris.
1937 4704 1938 4708 ’

1408 4788 1449 4841 to.
1461 4787 1547 4855 Quare
1562 4787 1609 4841 ista
1620 4786 1685 4851 diri,
1699 4789 1794 4841 iratres
1806 4787 1841 4860 (a)
1852 4787 1863 4838 ι
1875 4786 1910 4843 ιιι
1921 4803 1973 4841 non
1986 4803 2015 4843 se
2029 4790 2157 4847 extollant

1372 4880 1498 4944 lamerici,
1511 4878 1615 4948 nariodo
1632 4881 1700 4934 torte
1716 4878 1815 4948 aiirprid
1831 4880 1963 4949 patiuntur
1982 4896 2013 4936 cr
2026 4882 2156 4952 jussioni·

1341 4965 1343 4970 ’
1371 4970 1419 5025 Ιιιιε
1439 4970 1584 5038 principum
1606 4980 1791 5033 terrenoruun
1812 4986 1863 5025 non
1887 4986 1916 5026 εε
1937 4973 2157 5030 rrumercntiuter

1370 5075 1417 5113 cos
1435 5060 1479 5129 qui
1500 5060 1609 5129 injurias
1627 5061 1768 5130 accipiunt,
1783 5070 1810 5116 ει
1823 5061 1930 5116 iiicont:
1954 5062 2021 5117 Ecce
2036 5063 2157 5121 Psalmus

1371 5153 1522 5207 consolatur
1537 5168 1597 5215 me;
1612 5155 1739 5223 egoenim
1754 5153 1834 5206 ttenm
1849 5154 1917 5218 colo,
1933 5156 2157 5227 qoijrrdiciumfa-

1370 5243 1416 5295 ciet
1435 5242 1555 5313 bijttriant
1571 5242 1759 5310 accipientibus.
1783 5245 1862 5298 liecte
1877 5259 1968 5313 quaero
1983 5259 2069 5300 rttrum
2085 5247 2156 5317 inju-

1371 5333 1436 5388 rium
1448 5335 1572 5402 accipias.
1585 5334 1611 5388 Si
1623 5333 1667 5403 jus
1679 5334 1774 5398 iecisti,
1786 5334 1879 5402 injuria
1899 5347 1940 5391 εει
1952 5353 2031 5407 utram
2046 5341 2157 5408 pateris.

1370 5423 1418 5479 los
1430 5434 1471 5480 est
1489 5424 1629 5480 exsufflare
1643 5423 1796 5479 Christum?
1809 5426 1853 5495 jus
1872 5437 1912 5482 εει
1932 5429 2020 5483 rebelli
2034 5430 2155 5498 soperbia

1370 5517 1472 5586 erigere
1487 5516 1588 5570 altare?
1605 5515 1648 5585 jos
1661 5524 1704 5572 est
1716 5517 1736 5582 ¹,
1761 5518 1928 5585 parcentibus
1944 5522 2156 5588 persecutoribus

1372 5609 1467 5663 tonica>
1490 5608 1585 5663 Christi
1613 5607 1701 5679 (ioan.
1729 5625 1784 5677 arx,
1807 5609 1863 5680 tt),
1885 5611 2029 5668 Ecclesiam
2059 5613 2156 5669 Christi

1371 5697 1562 5754 conscindere?
1585 5698 1667 5753 Porro
1684 5701 1704 5753 si
1718 5699 1822 5772 lrocjue
1836 5716 1887 5755 non
1901 5712 1953 5768 εει,
1968 5704 2093 5774 quidquid
2109 5720 2157 5775 pro

1371 5791 1421 5845 lroc
1432 5792 1538 5859 pateris,
1551 5791 1595 5860 jus
1608 5800 1659 5846 est.
1674 5790 1773 5848 Neues
1788 5808 1851 5863 ergo
1861 5792 1894 5848 dc
1910 5793 1949 5846 iris
1963 5796 2007 5863 qni
2020 5796 2155 5864 patiuntur

1371 5879 1504 5948 itrjtrriam.
1531 5880 1601 5951 Lego
1624 5881 1722 5952 aliquid
1748 5882 1913 5939 manifestius
1936 5901 1969 5940 ex
1993 5886 2154 5958 Evangelio:

1371 5971 1442 6026 Bratt'
1455 6013 1463 6034 ,
1479 5972 1572 6041 iuquit,
1583 5974 1626 6043 qui
1638 5979 1835 6043 persecutionem
1846 5978 1983 6046 patiuntur.
2006 5979 2134 6050 Exspecta
2146 5998 2155 6038 t

1404 6066 1412 6096 ¹
1430 6062 1541 6133 clerique
1551 6069 1613 6113 tiss:
1621 6063 1651 6134 ..si
1658 6064 1700 6123 iro
1711 6071 1745 6114 est
1756 6064 1883 6137 eamplare
1891 6066 2011 6119 clurinum
2024 6083 2033 6120 :
2044 6070 2066 6123 ri
2071 6071 2114 6133 ιιι
2121 6077 2157 6125 εει

1370 6122 1455 6177 rebella
1467 6123 1579 6186 euperbto
1590 6138 1682 6176 ermere
1693 6127 1769 6179 nitore
1780 6127 1909 6192 :ejurent
1920 6130 2080 6196 purcctttibttr.
2091 6142 2139 6187 etc.

1332 6226 1335 6232 .
1404 6187 1440 6250 (a)
1452 6195 1536 6236 cotum
1547 6190 1688 6238 norratisns
