5400 7059
544 782 614 841 labe

542 893 632 948 desunt
646 891 782 951 Cirristunt,
795 894 835 939 cst
848 882 926 938 Jesns
942 879 1063 935 Christus
1081 873 1160 932 etiarn
1180 870 1324 928 secundun

542 983 717 1043 divinitatem,
739 974 888 1033 secundom
909 970 935 1027 id
956 970 1026 1042 qrtotl
1047 977 1105 1023 crat
1122 965 1238 1021 Verbum
1257 960 1327 1032 apud

543 1072 636 1134 ιιιιιιιι,
652 1068 734 1122 Filius
754 1065 799 1120 bei
816 1062 894 1119 lesus
906 1061 1029 1116 cbristus
1042 1075 1049 1112 :
1064 1057 1111 1113 scd
1131 1055 1212 1116 hurle,
1227 1053 1252 1108 id
1273 1059 1325 1116 est,

544 1159 595 1214 lroc
620 1156 699 1212 modo
718 1155 829 1219 dictum,
849 1151 950 1221 parvuli
971 1164 1023 1203 non
1047 1147 1165 1217 capiunt.
1187 1142 1327 1212 Quomodo

502 1263 504 1267 ·
544 1262 605 1318 crgo
617 1248 726 1320 capiunt
738 1245 781 1315 qui
795 1244 837 1298 lac
848 1241 973 1311 capiunt?
984 1238 1072 1293 lesum
1083 1237 1219 1301 Christum,
1232 1233 1326 1304 inquit,

544 1350 568 1394 et
580 1342 648 1394 laune
666 1337 825 1406 crucifixum.
846 1335 916 1404 Sugc
936 1331 1007 1403 quod
1021 1344 1068 1402 pro
1088 1336 1114 1385 tc
1132 1327 1217 1383 laetus
1234 1334 1285 1393 est,
1301 1332 1329 1380 et

543 1429 642 1484 crescis
654 1427 687 1483 ad
703 1427 729 1482 id
741 1426 810 1498 qrtod
825 1435 875 1481 est.
892 1423 959 1479 Sunt
973 1435 1036 1492 ergo
1048 1418 1224 1474 ascendentes
1235 1426 1263 1471 et
1277 1414 1327 1470 de-

544 1518 712 1574 scerulentes.
727 1516 756 1571 ln
772 1516 824 1570 illis
844 1514 923 1569 scalis
935 1521 961 1567 ct
972 1508 1147 1566 ascendentes
1167 1514 1230 1561 sunt
1242 1512 1270 1561 et
1279 1505 1329 1560 de-

544 1606 714 1661 seendentcs.
729 1603 910 1659 Asecttdcntcs
928 1601 973 1672 qui
989 1598 1070 1654 sonti
1083 1596 1133 1665 Qui
1146 1594 1284 1667 proficiunt
1295 1591 1329 1647 ad

545 1697 707 1752 intellectum
722 1694 909 1766 spiritualium.
924 1688 1121 1746 Descendentcs
1133 1687 1177 1758 qui
1189 1683 1329 1752 suntiQui

549 1789 682 1858 quanrris,
697 1796 823 1856 ouantem
838 1785 958 1839 lromines
970 1790 1087 1854 possunt,
1103 1780 1223 1835 leuantur
1233 1775 1329 1832 intelli·

546 1880 633 1946 geritis
649 1878 844 1948 spiritualium
867 1885 955 1931 tamen
967 1871 1132 1929 descendunt
1146 1870 1180 1924 ad
1195 1867 1328 1938 parutrlos,

547 1976 578 2022 ut
597 1967 657 2021 talia
677 1967 716 2022 eis
737 1966 837 2030 dicant,
854 1965 940 2035 qualia
957 1969 1068 2033 possunt
1089 1975 1194 2029 capere,
1215 1966 1242 2011 ct
1262 1955 1331 2009 laete

547 2058 638 2112 nutriti
654 2057 754 2127 possint
769 2057 856 2113 idonei
872 2055 930 2112 lieri
943 2064 968 2109 ct
985 2053 1063 2107 ualidi
1075 2052 1109 2108 ad
1124 2049 1282 2121 capiendum
1296 2047 1331 2102 ci·

548 2147 610 2201 lnam
621 2148 794 2216 spiritualem.
810 2145 901 2211 isaias,
912 2145 1017 2208 iratres,
1032 2142 1111 2199 ctiam
1125 2141 1182 2211 ipsc
1191 2138 1223 2193 ad
1237 2152 1285 2193 nos
1297 2135 1332 2192 de

546 2236 769 2293 descendentibus
781 2236 829 2291 latit
841 2255 848 2289 ε
860 2251 920 2289 tram
935 2245 962 2292 et
979 2234 1028 2302 ipsi
1037 2232 1135 2305 gradus
1148 2231 1206 2301 ejus
1218 2229 1330 2284 descen-

549 2326 782 2398 tlentisapparent.
796 2326 861 2382 Corn
874 2326 944 2381 cniru
955 2326 1056 2380 diceret
1070 2324 1103 2379 tle
1116 2322 1215 2391 Spiritu
1227 2327 1330 2382 sancto,

552 2434 562 2466 r
580 2416 745 2487 llcqrriescet,
759 2435 769 2469 r
783 2416 877 2488 inquit,
892 2434 901 2467 ι
914 2431 993 2485 super
1002 2430 1062 2469 curn
1073 2413 1186 2483 Spiritus
1196 2408 1332 2479 sapientias

549 2515 577 2559 et
597 2506 755 2572 intellectus,
772 2505 887 2575 Spiritus
900 2505 1002 2560 coresilii
1022 2513 1050 2558 et
1062 2500 1233 2566 fortitudinis,
1249 2497 1333 2567 Spiri-

551 2602 594 2648 tus
611 2596 727 2650 scientim
737 2606 762 2651 ct
777 2594 894 2666 pietatis,
908 2601 934 2649 el
956 2593 1069 2665 Spiritus
1082 2592 1184 2647 timoris
1198 2589 1303 2644 bomini
1319 2606 1329 2638 s
1346 2642 1349 2647 ,

549 2683 625 2754 (lsai.
640 2701 675 2747 rt,
687 2685 714 2752 ι,
728 2686 757 2755 5)
773 2704 779 2740 :
794 2685 948 2755 asapiencia
962 2683 1053 2753 eoepit,
1067 2690 1094 2736 ct
1106 2695 1187 2752 usquc
1199 2679 1232 2734 ad
1252 2680 1331 2734 tinto-

549 2792 606 2832 rent
617 2776 762 2833 descendit.
777 2777 916 2846 Quomodo
931 2775 975 2831 ille
988 2777 1032 2846 nari
1046 2774 1168 2840 docebat,
1179 2788 1193 2827 a
1204 2772 1332 2840 sapientia

548 2866 685 2923 deseendit
699 2868 828 2939 usquead
843 2868 983 2930 ιιιιιοιιιιις
1000 2876 1027 2920 ιιι
1045 2866 1089 2937 qui
1102 2865 1193 2927 discis,
1208 2863 1231 2919 si
1251 2861 1332 2933 proli·

548 2958 624 3023 cis,a
647 2960 741 3014 timore
760 2959 875 3014 ascende
896 2957 929 3012 ad
944 2957 1123 3028 sapientiam:
1140 2954 1268 3024 scriptum
1291 2963 1333 3008 cst

548 3051 629 3113 cuitu,
652 3048 756 3104 initium
777 3049 907 3118 sapientior
929 3048 1003 3101 timor
1023 3046 1127 3101 Domini
1147 3044 1240 3116 (Pron.
1254 3060 1273 3112 r,
1291 3043 1331 3113 7).

528 3156 534 3175 ι
549 3138 606 3195 iarn
624 3155 688 3211 ergo
699 3139 832 3194 certunm
845 3139 943 3194 audite.
964 3138 1032 3193 Eece
1044 3147 1105 3193 ante
1122 3136 1213 3192 oculos
1228 3143 1333 3190 nostros

550 3243 678 3299 ponanrus
688 3243 858 3284 asecusurum
874 3229 1007 3283 boxuinem
1020 3245 1026 3281 :
1041 3227 1084 3282 ubi
1098 3225 1288 3283 ascensurum?
1302 3223 1333 3278 ln

493 3358 502 3369 -
550 3322 634 3375 eorde.
649 3321 725 3377 Unde
738 3321 928 3377 asecrtsurnm?
938 3322 978 3377 ab
988 3319 1146 3387 hurrrllitate,
1160 3318 1237 3374 idest
1249 3333 1335 3371 acon·

550 3412 615 3466 uuile
633 3412 789 3482 plorationis.
811 3412 869 3480 Quo
893 3409 1085 3467 ascensurum?
1103 3409 1143 3465 lltl
1161 3408 1224 3465 illud
1243 3407 1335 3464 inclin-

550 3500 603 3557 bile
616 3501 684 3570 ‹puod
700 3516 760 3557 cunr
776 3501 826 3556 dici
842 3516 895 3556 non
910 3508 1010 3572 posset,
1023 3500 1122 3556 dictum
1136 3510 1188 3567 est,
1202 3497 1235 3553 in
1251 3497 1335 3553 iorem

549 3591 763 3664 prrerrtdispusnit.

586 3684 613 3736 3.
629 3682 693 3735 (lunt
709 3696 773 3750 ergo
792 3682 831 3734 sic
854 3681 933 3734 lttnno
949 3679 1060 3748 coeperit
1078 3678 1219 3748 disponere
1239 3692 1334 3733 aseen-

550 3784 626 3835 surn;
643 3769 693 3824 lroe
706 3769 766 3824 dico
777 3770 904 3838 apertius,
919 3783 978 3822 curn
993 3768 1104 3838 coeperit
1117 3767 1197 3823 borno
1210 3765 1335 3822 clrristia·

552 3873 603 3912 trus
617 3859 732 3927 cogitare
746 3859 885 3928 prolicere,
901 3857 992 3926 incipit
1007 3856 1060 3927 pati
1074 3857 1176 3928 linguas
1189 3857 1335 3912 aduersan-

551 3949 629 4002 tium.
651 3948 814 4018 Quieumque
835 3947 892 4002 illas
906 3947 1022 4002 nondum
1037 3961 1131 4018 passus
1148 3955 1200 4011 est,
1218 3945 1336 4002 norrdurn

552 4039 685 4111 proiecit:
701 4039 859 4110 atticumque
876 4039 934 4094 illas
953 4055 1006 4094 troo
1027 4038 1140 4110 patitur,
1163 4052 1213 4093 nec
1226 4045 1337 4093 conatur

553 4128 692 4202 prolicere.
709 4129 770 4184 llult
781 4145 859 4185 nosse
873 4129 934 4200 quid
947 4129 1085 4186 dicamus?
1099 4128 1155 4185 lmo
1167 4128 1231 4201 quid
1242 4128 1336 4184 audia-

551 4235 613 4276 mus
632 4219 720 4286 simul,
748 4221 909 4292 experiatur.
933 4218 1043 4289 incipiat
1065 4219 1204 4290 prolicere,
1228 4218 1338 4288 incipiat

552 4311 622 4367 uelle
635 4311 790 4378 asecrrdere,
806 4312 874 4367 uelle
892 4321 1064 4368 contemnere
1085 4320 1200 4376 terrena,
1215 4310 1336 4382 fragilia,

553 4401 708 4472 temporalia
720 4403 749 4469 ¹,
768 4401 920 4457 felicitatem
940 4402 1029 4458 saeculi
1052 4418 1099 4472 pro
1121 4403 1203 4457 niltilo
1223 4401 1337 4470 habere,

554 4492 637 4548 Deum
662 4494 746 4547 solum
767 4492 893 4564 cogitare,
915 4491 996 4547 lucris
1016 4507 1068 4547 uon
1089 4491 1213 4563 gaudere,
1232 4492 1337 4547 daronis

554 4598 607 4638 non
639 4583 849 4646 contabescere,
876 4582 964 4637 cornia
992 4583 1072 4637 etiarn
1101 4597 1147 4638 sua
1176 4581 1243 4637 selle
1272 4597 1338 4638 uen-

555 4675 619 4730 dere
644 4686 671 4729 et
700 4674 857 4744 pauperibus
880 4672 1014 4739 tribuere,
1037 4683 1063 4728 ct
1086 4674 1160 4743 sequti
1185 4673 1337 4740 Christum3

556 4764 693 4819 rideamus
720 4762 941 4839 qrrematlmodum
975 4764 1090 4832 patiatur
1114 4764 1216 4834 linguas
1251 4762 1341 4819 detra-

556 4855 700 4909 ltentinm¹
723 4860 750 4907 ct
775 4852 854 4906 ιιιιιιιι
880 4851 1134 4913 comradiecutium,
1159 4862 1186 4907 et
1205 4853 1275 4924 qtrod
1299 4862 1341 4908 est

556 4943 670 5014 gravius,
692 4941 765 5013 quasi
787 4941 949 4996 consulendo
963 4957 977 4995 a
991 4941 1075 4996 salute
1088 4943 1273 4997 avertentium.
1288 4943 1338 5010 Qui

556 5035 626 5090 enim
640 5034 752 5088 consulit
764 5032 853 5099 alicui,
867 5031 900 5085 ad
914 5033 1025 5087 salntem
1037 5033 1160 5096 consulit,
1174 5033 1207 5088 ad
1225 5033 1250 5088 id
1270 5034 1339 5104 quod

556 5130 663 5197 prodest
675 5126 801 5192 consulit;
816 5125 861 5181 illc
875 5134 962 5181 autem
975 5127 1049 5197 ntrasi
1061 5125 1212 5192 cottsnlens,
1226 5127 1339 5182 retrahit

556 5235 571 5273 n
585 5218 678 5274 salute.
691 5217 758 5285 Quia
770 5231 833 5288 ergo
848 5216 953 5272 ridetur
968 5216 1065 5272 babere
1079 5216 1184 5286 pallium
1198 5216 1342 5271 consulen-

555 5311 600 5372 tis,
615 5317 642 5366 et
652 5307 733 5363 babet
744 5322 874 5363 vencnum
889 5306 1052 5377 perimentis,
1068 5306 1155 5376 lingua
1168 5304 1259 5360 dolosa
1271 5304 1341 5360 dicta

555 5410 606 5457 est.
633 5399 797 5455 dscertsums
822 5412 896 5467 erpo,
917 5405 1008 5452 cosdra
1033 5395 1103 5465 ipsas
1130 5393 1232 5465 lingulas
1256 5395 1342 5465 primo

556 5495 639 5549 llenrn
652 5491 808 5561 depreeatur
820 5506 829 5544 t
844 5490 880 5544 ait
894 5489 974 5553 enim,
990 5488 1029 5542 At
1041 5497 1078 5552 te,
1093 5486 1208 5550 Domine,
1222 5502 1279 5540 eunt
1292 5486 1340 5539 tri-

554 5586 656 5639 islurer
667 5583 782 5645 cierrreoi,
794 5589 816 5634 et
829 5580 954 5635 mandisti
963 5595 1010 5632 rue.
1023 5576 1099 5634 Unde
1109 5577 1183 5633 illum
1192 5574 1342 5631 exaudivit?

559 5676 591 5732 tn
601 5676 656 5746 jam
665 5674 841 5731 corsntneret
852 5687 912 5727 cunt
927 5671 958 5724 ad
973 5669 1070 5740 gradata
1082 5668 1253 5724 ascendendi.

592 5768 619 5822 ι.
629 5764 705 5840 [sere.
719 5762 761 5836 2.]
775 5762 807 5817 Et
821 5761 943 5832 quiajam
955 5773 1114 5814 ascensurus
1128 5767 1169 5813 est
1186 5757 1340 5822 exauditus,

557 5857 620 5925 qnid
630 5857 708 5911 orati
720 5855 835 5919 Domine,
849 5868 908 5907 erue
917 5853 1026 5904 enimam
1037 5866 1118 5904 meunt
1130 5866 1146 5902 u
1156 5848 1228 5905 tuliis
1241 5847 1342 5919 injustis

557 5958 582 6001 α
592 5963 617 5998 ·u
636 5946 722 6017 iinpuo
740 5946 840 5999 doloso.
859 5945 923 6008 ane
933 5951 975 5997 est
988 5941 1073 6010 litigas
1088 5935 1200 5994 totoni
1213 5936 1340 6004 Subdola,

590 6056 695 6108 ¹t’lurcs
710 6066 772 6114 uss..
794 6057 855 6108 telle
873 6062 1020 6107 cornnnrtere
1038 6060 1157 6106 emenone
1178 6050 1351 6117 [rapiditatem

556 6117 710 6180 teneprorulem
721 6117 857 6179 {eliritntent
868 6116 959 6173 neceb,
970 6124 1017 6166 etc.

589 6183 599 6214 ¹
616 6180 653 6229 sic
661 6186 714 6229 etse.
728 6179 783 6229 rto.
795 6192 864 6241 reru,
876 6177 1052 6229 retrultentintn.

1150 763 1179 820 S.
1199 756 1383 820 aucustlttt
1401 753 1551 814 ertscoel

2100 744 2174 805 tollo

1382 869 1483 925 babens
1506 865 1646 938 imaginem
1665 863 1828 947 consulendi,
1843 871 1870 919 et
1883 862 2027 932 pernicicm
2042 862 2171 917 nocendi.

1381 961 1434 1033 ipsi
1444 968 1506 1015 suut
1515 958 1559 1030 qui
1571 957 1662 1013 dieunt
1675 974 1682 1011 ε
1697 957 1731 1011 Ει
1743 965 1770 1011 tu
1782 955 1832 1010 ltoc
1845 955 1961 1009 lactarus
1970 969 2018 1017 cs,
2033 952 2106 1024 qarod
2122 969 2172 1008 ne·

1381 1068 1426 1107 mo
1436 1049 1517 1107 lecit?
1531 1058 1558 1106 et
1570 1058 1598 1103 lu
1607 1049 1680 1105 solus
1689 1048 1744 1104 eris
1755 1047 1933 1103 claristianusi
1944 1045 2011 1102 Etsi
2022 1044 2173 1100 ostrntderit

1381 1145 1447 1200 alios
1460 1145 1510 1200 boc
1524 1143 1631 1211 lacere,
1646 1151 1674 1199 et
1695 1142 1790 1212 legerit
1803 1141 1972 1212 Evaxtgelium
1986 1141 2030 1196 ubi
2044 1141 2174 1212 precepit

1381 1235 1509 1292 llonritrus
1530 1233 1604 1296 lteri,
1630 1243 1657 1289 et
1680 1233 1772 1305 legerit
1795 1233 1878 1291 dctus
1897 1233 2108 1302 Apostolorum
2132 1229 2173 1295 illi

1381 1327 1443 1398 quid
1457 1326 1549 1383 dicunt
1567 1329 1594 1383 ln
1612 1327 1700 1397 lingua
1715 1325 1824 1382 subdola
1837 1336 1865 1381 et
1884 1324 1962 1381 labiis
1977 1325 2099 1397 iniquis!
2112 1325 2172 1381 lllon

1381 1417 1482 1488 poteris
1494 1416 1562 1474 sorte
1576 1418 1701 1487 intplerc;
1723 1417 1835 1472 mtrltunt
1855 1427 1896 1473 est
1913 1416 1984 1488 quod
2004 1417 2172 1489 aggrederis.

1381 1509 1435 1564 Alii
1457 1509 1622 1580 probibendo
1644 1509 1797 1573 deterrent,
1817 1509 1861 1564 alii
1880 1508 2011 1567 laudando
2029 1510 2091 1581 plus
2111 1525 2173 1581 pre-

1381 1612 1467 1657 munt.
1480 1601 1546 1671 Quia
1565 1603 1635 1660 enim
1656 1603 1715 1659 talis
1733 1611 1773 1659 est
1787 1603 1838 1657 vita
1852 1617 1911 1671 narse
1927 1603 1981 1672 iam
1999 1603 2173 1673 occupaverit

1382 1692 1520 1762 mundum,
1530 1701 1600 1748 tanta
1611 1692 1752 1749 auctoritas
1761 1692 1858 1748 Christi
1870 1701 1921 1760 est,
1933 1702 1962 1748 ut
1972 1692 2172 1763 reprehendere

1380 1781 1435 1852 jam
1446 1780 1581 1840 Christum
1603 1797 1653 1838 nce
1671 1782 1905 1854 paganusautleat.
1928 1783 2036 1854 lepitm
2057 1782 2105 1838 ille
2126 1783 2171 1854 qrti

1383 1875 1540 1946 reprebendi
1555 1890 1607 1929 non
1622 1883 1718 1946 potest,
1734 1876 1794 1945 quia
1809 1875 1885 1941 dixit,
1902 1875 1979 1940 Vade,
1993 1876 2073 1931 rende
2086 1876 2172 1930 ontnin

1382 1983 1439 2035 qun
1446 1968 1531 2032 bobes,
1542 1976 1565 2022 et
1575 1968 1696 2021 distribue
1702 1967 1893 2038 preparasset
1900 1983 2002 2037 smum
2012 1984 2051 2021 nte
2062 1967 2171 2038 (liutto.

1383 2075 1444 2124 xtx,
1459 2060 1510 2128 il)
1525 2077 1532 2112 ε
1546 2057 1651 2114 Christo
1673 2058 1817 2114 contradici
1840 2074 1892 2113 non
1914 2067 2010 2127 potest,
2026 2058 2172 2129 Evangelio

1382 2148 1526 2203 contradici
1537 2165 1589 2204 non
1601 2157 1696 2219 potest,
1705 2148 1861 2218 reprebendi
1872 2147 1992 2203 Christus
2003 2162 2055 2203 non
2065 2157 2171 2218 potcst;

1383 2240 1512 2296 convertit
1525 2254 1554 2295 se
1572 2240 1658 2309 lingna
1673 2239 1763 2295 dolosa
1776 2239 1809 2295 ad
1818 2239 1921 2294 laudem
1932 2237 2128 2308 prohibentem.
2144 2237 2173 2294 Si

1384 2328 1485 2397 laudas,
1495 2329 1610 2387 lrortare.
1621 2330 1707 2398 Quare
1718 2330 1847 2385 laudando
1855 2331 1965 2400 premisl
1975 2330 2174 2400 llciiusxitupe·

1385 2435 1468 2488 rores,
1478 2436 1554 2490 otram
1565 2421 1656 2477 dolose
1664 2421 1794 2476 laridares.
1806 2421 1873 2489 Quid
1884 2421 1954 2476 euim
1965 2421 2175 2493 diceresuitupe·

1384 2510 1485 2566 randoi
1497 2511 1585 2569 llbsit:
1594 2510 1661 2566 luda
1677 2511 1728 2566 rita
1739 2511 1787 2566 ista
1797 2519 1848 2578 est,
1856 2510 1925 2565 ntala
1934 2511 1985 2566 rita
1997 2512 2045 2568 ista
2055 2520 2106 2567 est.
2117 2511 2174 2569 Sed

1383 2601 1443 2670 quia
1459 2601 1538 2666 nosti,
1554 2617 1613 2656 curn
1629 2601 1685 2656 baec
1698 2601 1808 2666 dixeris,
1822 2603 1905 2671 premi
1922 2612 1947 2658 tc
1961 2617 2039 2673 posse
2055 2603 2175 2659 auetori-

1385 2701 1438 2746 tatc
1450 2692 1598 2763 evangelica
1610 2709 1618 2756 ;
1632 2692 1764 2748 eoneenis
1778 2704 1803 2747 te
1815 2693 1848 2749 ad
1861 2692 1931 2747 aliud
1942 2693 2113 2750 dissuadendi
2125 2710 2175 2765 ge-

1384 2797 1444 2846 nus,
1458 2792 1486 2838 ut
1502 2783 1632 2837 lautluxulo
1645 2782 1722 2850 salso,
1737 2799 1806 2839 mea
1818 2799 1880 2839 uera
1892 2785 1900 2816 ¹
1913 2783 1992 2840 laude
2009 2783 2174 2855 prohibeas;

1384 2873 1438 2927 imo
1449 2873 1580 2927 laudando
1592 2874 1737 2938 Cltristunt,
1747 2889 1761 2926 a
1772 2873 1878 2929 Christo
1892 2874 2042 2943 proludens,
2056 2875 2153 2930 diceus
2166 2892 2174 2929 :

1384 2966 1452 3032 Quid
1467 2975 1508 3021 est
1522 2966 1590 3021 lunt
1606 2967 1671 3022 licoe
1682 2967 1717 3020 illi
1731 2966 1858 3030 lecerunt,
1873 2966 1940 3021 torte
1950 2975 1977 3021 tu
1987 2981 2041 3021 nott
2050 2966 2175 3037 poteris:

1385 3058 1479 3127 incipis
1490 3056 1644 3123 ascendere,
1655 3057 1737 3112 radis.
1750 3057 1856 3112 llonere
1867 3057 1986 3123 uidetur;
1998 3072 2109 3127 serpeus
2119 3064 2175 3124 cst,

1384 3147 1476 3202 dolrxsa
1489 3148 1575 3218 lingere
1589 3156 1639 3212 est,
1649 3163 1779 3203 terrenum
1792 3146 1882 3201 babet.
1899 3147 1970 3217 {topi
1984 3156 2077 3202 contra
2091 3147 2177 3209 illam.

1385 3239 1408 3293 si
1422 3241 1460 3293 uis
1472 3238 1624 3302 ascendere,
1638 3245 1664 3293 cl
1683 3237 1726 3292 tlie
1744 3238 1797 3292 [leo
1815 3247 1880 3293 ttto:
1896 3236 2018 3301 Domine,
2036 3253 2097 3290 eru
2114 3238 2177 3291 urri-

1386 3347 1453 3384 nmnt
1462 3346 1543 3383 nteant
1555 3345 1571 3383 u
1585 3329 1656 3385 btbiis
1666 3329 1765 3398 irritastis
1777 3337 1799 3382 et
1811 3345 1827 3380 a
1837 3328 1922 3400 lirtpue
1935 3328 2032 3381 doloso.

1421 3424 1446 3478 5.
1462 3422 1536 3496 [cers.
1552 3421 1620 3494 adl
1638 3423 1669 3476 Et
1682 3421 1746 3476 dieii
1761 3421 1806 3475 tibi
1819 3421 1946 3475 Dotttiuus
1959 3430 2028 3484 tuns,
2044 3419 2114 3486 Qnid
2127 3419 2178 3472 titt·

1386 3515 1452 3568 bitur
1465 3515 1518 3577 tibi,
1532 3523 1575 3569 nul
1592 3514 1652 3583 quid
1661 3523 1801 3585 opponetur
1815 3513 1859 3565 tibi
1869 3513 1903 3564 nd
1916 3512 2028 3580 linpnunr
2042 3510 2180 3589 dolesum?

1386 3604 1415 3660 ld
1426 3615 1477 3673 cst,
1489 3604 1560 3677 quod
1575 3604 1673 3660 babeas
1684 3604 1811 3659 aduersus
1826 3603 1940 3675 liugnam
1954 3601 2074 3656 dolosam
2085 3642 2093 3668 ,
2103 3600 2177 3671 qtsotl

1387 3710 1505 3767 opponas
1527 3695 1623 3765 linguae
1636 3694 1735 3750 dolosae
1748 3737 1756 3762 ,
1771 3708 1824 3765 quo
1838 3701 1864 3749 te
1876 3693 1980 3747 munias
1989 3691 2117 3746 adversus
2128 3690 2179 3745 lin·

1386 3794 1464 3858 guam
1483 3785 1614 3851 dolosam,
1629 3785 1690 3854 qnid
1708 3785 1752 3839 titi
1764 3784 1874 3849 dubitur,
1894 3792 1937 3836 aut
1955 3783 2016 3852 quiid
2035 3791 2179 3853 appendes

1388 3879 1450 3934 tibi?
1471 3877 1644 3948 interrogauit
1665 3891 1808 3942 exerceos;
1833 3890 1892 3930 nam
1914 3875 1971 3944 ipse
1994 3873 2115 3929 dicturos
2136 3881 2179 3928 cst

1388 3972 1457 4043 qttod
1477 3971 1630 4041 interrogat.
1646 3967 1793 4038 llespondit
1805 3968 1894 4034 enirn,
1908 3965 2052 4034 subjiciens
2064 3964 2115 4019 sibi
2133 3965 2179 4019 in·

1389 4060 1543 4132 terroganti,
1563 4059 1669 4131 Sapittoe
1684 4061 1789 4130 potentis
1799 4069 1888 4122 ceute,
1902 4074 1958 4111 enm
1969 4057 2119 4113 carbonibus
2131 4056 2179 4111 de·

1388 4152 1531 4216 solatoriis,·
1555 4151 1615 4214 vel,
1638 4150 1812 4204 vastetoribus.
1837 4148 1900 4203 Sive
1919 4147 2077 4202 desolatoriis
2089 4145 2178 4211 dicas.

1389 4245 1448 4300 sire
1459 4243 1623 4299 vastetoribus
1637 4241 1712 4297 dteas
1726 4240 1804 4312 (nam
1819 4241 1844 4294 in
1859 4238 1971 4293 dirersis
1983 4236 2121 4293 codicibus
2134 4234 2178 4292 di-

1390 4350 1466 4391 rcrse
1478 4335 1604 4403 scriptum
1616 4331 1686 4401 est),
1701 4332 1769 4388 idem
1784 4329 1922 4401 signifieat.
1940 4328 2031 4384 l'itlete
2043 4345 2049 4380 ε
2062 4336 2179 4382 notato·

1391 4441 1434 4481 res
1447 4425 1577 4482 carbones
1590 4425 1722 4490 dicuntur,
1735 4423 1794 4492 quia
1809 4420 1936 4475 sustando
1946 4428 1972 4474 ct
1984 4418 2133 4474 desolando
2144 4418 2177 4473 ad

1391 4515 1579 4572 desolationem
1591 4514 1666 4569 lncile
1677 4514 1832 4585 pcnlucunt.
1843 4511 1893 4578 Qui
1904 4519 1966 4566 sunt
1974 4510 2016 4564 isti
2026 4508 2179 4565 castronest

1391 4607 1522 4677 intelligat
1531 4604 1651 4660 Charitas
1664 4613 1751 4659 restra
1763 4603 1847 4672 pritrro
1859 4618 1917 4672 quse
1927 4610 1988 4654 sum
1999 4600 2112 4668 sagitae.
2128 4599 2180 4654 Sa-

1391 4703 1460 4771 pitto
1473 4698 1579 4769 potentis
1591 4708 1679 4761 acute,
1694 4697 1773 4751 uerba
1792 4695 1837 4751 [lei
1859 4703 1930 4753 sunt.
1953 4692 2021 4748 lleoe
2031 4691 2180 4761 jaciuntur,
2227 4700 2229 4705 ’

1391 4800 1419 4844 et
1429 4788 1583 4857 transfigunt
1595 4786 1675 4841 corda
1690 4804 1697 4839 ε
1713 4785 1833 4841 sed-erma
1849 4784 1973 4838 transfixa
1988 4782 2082 4836 luerint
2096 4782 2180 4837 corda

1392 4880 1494 4952 sagittis
1518 4874 1592 4934 uerbi
1614 4878 1676 4941 llci,
1701 4892 1776 4930 atuor
1797 4877 1926 4930 excitator
1936 4875 1957 4940 ¹,
1980 4889 2032 4928 uon
2054 4874 2181 4929 interitus

1392 4979 1570 5040 comparatur.
1596 4967 1673 5022 Novit
1692 4968 1818 5021 britannus
1837 4967 1959 5034 sagittare
1979 4964 2152 5021 adamarent
2171 4977 2180 5015 a

1392 5074 1420 5123 et
1440 5078 1519 5119 neruo
1541 5061 1676 5132 pulclnius
1697 5059 1803 5129 sagittat
1823 5058 1855 5114 ad
1879 5073 2009 5122 arntrrem,
2032 5072 2113 5128 quam
2136 5059 2182 5129 tpui

1393 5157 1474 5211 verbo
1488 5153 1608 5225 sagittam
1631 5151 1685 5204 into
1703 5150 1809 5220 sagittat
1827 5163 1874 5202 eor
1892 5149 2015 5211 estuantis,
2030 5157 2056 5200 nt
2071 5147 2185 5216 adjuret

1393 5256 1524 5301 attrarucur
1535 5261 1542 5310 ;
1555 5244 1670 5313 sagittat,
1683 5250 1711 5295 ut
1725 5241 1801 5294 laciat
1810 5247 1954 5295 amatrtcm.
1968 5237 2076 5309 sanine
2088 5248 2184 5296 autem

1393 5349 1464 5403 strunt,
1479 5351 1539 5392 cum
1553 5336 1654 5405 agimus
1662 5332 1759 5387 rerlris.
1773 5331 1907 5386 Carbones
1926 5340 2013 5386 autem
2033 5338 2187 5389 vastatores

1393 5429 1437 5500 qui
1461 5426 1541 5481 srrttli
1565 5425 1661 5480 Parum
1684 5431 1726 5478 est
1741 5421 1829 5477 serbis
1846 5436 1926 5491 agere
1947 5429 2041 5477 contra
2062 5420 2186 5492 linguam

1393 5517 1531 5574 subdolam
1545 5523 1572 5569 et
1583 5513 1652 5569 labia
1667 5512 1765 5579 iniqua,
1778 5525 1869 5579 parurn
1885 5519 1926 5564 est
1935 5509 2023 5565 uerbis
2037 5524 2139 5578 apertu
2159 5521 2188 5567 et

1394 5605 1522 5677 exemplis
1533 5602 1663 5676 ageradum
1677 5608 1726 5656 est.
1740 5599 1867 5669 Exempla
1881 5607 1943 5653 suant
1952 5598 2081 5654 carbones
2091 5611 2186 5656 uasta·

1395 5707 1476 5752 tores.
1490 5696 1524 5753 Et
1535 5709 1616 5765 quaro
1629 5700 1776 5749 vastatores
1786 5689 1919 5753 dicuntur,
1936 5687 2054 5743 breviter
2067 5690 2186 5760 accipiat

1394 5787 1516 5843 Clrarims
1528 5795 1625 5839 restra.
1646 5782 1744 5843 Primo,
1759 5779 1892 5850 quomodo
1907 5776 2035 5846 exemplis
2050 5782 2186 5849 agendam

1394 5884 1439 5945 sit,
1454 5877 1549 5931 ridete.
1565 5875 1665 5945 Lingua
1676 5871 1786 5927 subdola
1801 5869 1867 5925 nibil
1879 5871 1918 5926 sie
1931 5869 2005 5924 nituit
2017 5867 2187 5942 dicereque

1395 5971 1479 6040 stragis
1491 5967 1600 6023 subdola
1613 5974 1665 6033 cst,
1680 5965 1741 6030 uisi,
1757 5963 1823 6018 l'ide
1838 5981 1871 6018 xre
1885 5977 1939 6017 non
1955 5962 2041 6032 possis
2054 5963 2187 6034 implere,

1427 6105 1435 6136 ¹
1455 6103 1538 6152 olores
1549 6109 1612 6154 uss..
1624 6105 1648 6148 ut
1658 6096 1825 6147 bonomonte
1836 6095 1905 6158 ιιιιι,
1917 6108 2005 6157 utero,
2018 6102 2067 6145 cte.

1428 6167 1439 6195 ¹
1451 6174 1500 6213 nur.
1514 6170 1539 6212 et
1549 6161 1658 6223 plerique
1668 6167 1732 6218 ttss,
1748 6159 1904 6209 exercitatur.
