5400 7059
534 767 597 822 libi

530 894 554 938 et
568 882 669 936 dextera
688 893 774 932 eorum
786 877 887 929 dextera
901 871 1047 942 iniquitatis.
1072 869 1155 936 Quam
1171 866 1315 941 uanitatem

534 973 649 1028 locutum
660 977 739 1024 estas
750 967 860 1021 cortun?
874 977 899 1020 et
910 962 1042 1034 quomodo
1053 961 1154 1014 dextera
1164 973 1251 1012 eorum
1262 955 1319 1007 dea-

532 1073 585 1117 ιιι-ιι
600 1057 757 1127 irriauitotir?

570 1156 613 1210 ts.
629 1152 709 1227 [nors.
726 1146 839 1220 tart]
861 1147 973 1212 Quorum
995 1145 1041 1213 filii
1058 1143 1169 1211 ipsorum
1187 1138 1251 1192 uelut
1270 1152 1317 1188 no-

534 1249 604 1302 uella
617 1243 780 1300 corrstabititoe
801 1242 827 1294 in
844 1242 972 1310 juveutute
991 1251 1046 1288 sna.
1063 1231 1226 1289 Felicitatem
1246 1229 1318 1296 ipso·

533 1355 592 1393 runt
606 1335 662 1390 ruit
677 1347 841 1388 errurnorare.
859 1327 1001 1389 Attendite,
1017 1324 1062 1402 ¹Atii
1078 1320 1154 1386 tucis,
1167 1318 1212 1373 Atii
1228 1318 1316 1386 pacis;

532 1428 679 1489 attendite,
696 1425 740 1479 Atii
757 1422 898 1484 Ecclesiae,
920 1417 1037 1472 membra
1058 1412 1156 1467 t'tuisti
1169 1427 1176 1476 ;
1191 1408 1318 1463 attendite

532 1534 599 1588 arruns
612 1518 683 1572 dicat
697 1515 868 1582 alienigenas,
882 1500 948 1579 artos
961 1507 1032 1560 dicat
1046 1504 1115 1559 Alios
1128 1501 1239 1561 alienos,
1252 1510 1318 1566 qnos

532 1611 603 1665 dicat
613 1622 694 1678 aquius
706 1602 939 1666 contradictionis,
954 1614 1019 1668 atros
1033 1597 1104 1650 dieat
1114 1592 1230 1663 gladium
1245 1588 1319 1642 mati-

531 1714 622 1770 gnorn.
636 1697 788 1757 Attendite,
804 1695 931 1754 ‹rtrsccro;
947 1689 1005 1760 qaia
1021 1688 1090 1740 inter
1103 1685 1168 1738 istos
1184 1679 1318 1751 periclita-

532 1791 617 1854 mini,
640 1790 708 1842 inter
729 1787 822 1840 Aoutm
847 1784 949 1852 tirrgtros
971 1779 1099 1833 adversos
1121 1761 1208 1829 carnis
1222 1779 1319 1824 uestro

532 1879 663 1934 desideria
682 1878 833 1932 dimicatis:
851 1877 919 1928 inter
941 1870 1034 1925 borum
1058 1869 1160 1935 linguas
1179 1863 1277 1932 positas
1292 1862 1328 1921 in,

440 1989 442 1995 ·
533 1986 612 2026 rnaou
626 1970 724 2024 diaboti
737 2012 744 2034 ,
759 1967 900 2036 dequibus
915 1971 1029 2034 pingunt,
1043 1956 1254 2033 colluctationem
1270 1954 1318 2005 ba-

533 2062 610 2128 betis,
625 2079 675 2116 non
689 2061 807 2114 (aduersus
821 2074 921 2112 curnem
935 2067 958 2108 ιι
972 2052 1127 2122 sanquinem,
1143 2047 1187 2103 sed
1200 2046 1318 2099 aduncus

533 2155 658 2222 principes
669 2162 692 2207 et
703 2161 844 2224 potestates,
855 2159 877 2203 et
891 2158 997 2201 rectores
1009 2143 1096 2225 ntundi
1106 2139 1263 2195 tenebrarum
1273 2137 1319 2189 Aa·

530 2262 586 2298 rurrt
602 2243 715 2314 (Epiros.
727 2259 768 2306 rr,
783 2240 833 2308 tat
844 2283 850 2302 ,
863 2240 914 2293 Aoc
928 2247 983 2302 est,
998 2235 1158 2304 iiiiquoruor.
1173 2227 1316 2290 Attendite,

531 2347 561 2390 ot
571 2335 726 2390 discernatis
740 2350 786 2387 ros
798 2375 805 2396 ,
818 2330 957 2392 attendite,
972 2344 1005 2381 ne
1020 2324 1116 2394 putetis
1128 2335 1218 2376 reram
1235 2318 1317 2373 letici-

532 2439 612 2482 tatem
626 2442 696 2491 esse,
711 2442 788 2494 quarn
804 2425 855 2478 sibi
868 2431 959 2492 optant
973 2419 1093 2472 tronrines
1104 2424 1150 2469 aut
1163 2412 1260 2468 irrArnri
1273 2418 1319 2464 atrt

533 2521 649 2590 maligni.
667 2519 744 2581 Eece,
761 2515 865 2579 traines,
877 2522 950 2568 certe
966 2510 1034 2563 Alios
1048 2507 1148 2560 alienos
1158 2503 1233 2566 dixit,
1246 2511 1318 2555 certo

531 2629 614 2684 aquas
628 2612 734 2672 multas,
750 2619 822 2663 certe
835 2605 949 2677 gladium
966 2602 1120 2670 malignum.
1135 2595 1227 2650 Videte
1241 2591 1317 2645 ratri·

531 2715 613 2760 tatem
627 2718 705 2773 apuam
719 2703 870 2770 loquuntur,
886 2706 912 2751 et
926 2704 1018 2748 curete
1031 2709 1064 2745 ne
1079 2688 1139 2744 tatia
1155 2684 1315 2756 trrqttamini,

530 2803 622 2851 canuto
636 2808 669 2847 nc
683 2792 743 2846 tatia
762 2791 899 2859 loquentes
912 2781 1060 2839 innitemini.
1073 2780 1190 2846 Quorum
1208 2792 1236 2829 os
1248 2775 1318 2827 locu‘·

532 2896 583 2939 tunt
597 2894 634 2940 cst
647 2884 789 2945 tantitatem,
806 2889 829 2933 et
842 2879 943 2931 dextera
957 2890 1042 2929 emtum
1055 2871 1157 2924 dealem
1168 2865 1315 2936 iniqnitatis.

529 2980 614 3046 Quam
626 2976 766 3029 vanitatem
778 2972 892 3026 locuturo
902 2976 942 3022 est
952 2980 982 3023 os
992 2978 1095 3024 eorurn,
1104 2970 1130 3014 ot
1140 2974 1198 3028 annm
1208 2956 1316 3010 dextera

531 3084 623 3123 corruam
644 3065 787 3135 iniqnitatis
808 3069 850 3116 est
868 3058 1001 3113 dextera?
1021 3055 1087 3109 Audi
1111 3069 1117 3104 z
1139 3052 1250 3118 erorum
1270 3047 1317 3115 filii

530 3164 642 3231 ipsorum
655 3159 720 3213 uelut
733 3156 837 3211 nouetlte
846 3152 1010 3231 constabilita)
1021 3167 1037 3201 a
1044 3149 1174 3218 irruentum
1184 3159 1246 3205 sua,·
1257 3139 1318 3208 Alite

531 3270 616 3308 carum
631 3251 792 3321 contpositoe,
807 3258 830 3301 et
853 3256 948 3300 ornata:
966 3244 1029 3297 sicut
1049 3238 1187 3295 siruititutto
1208 3232 1316 3298 templi:

530 3343 635 3398 cellaria
658 3359 744 3397 corun:
766 3341 859 3410 plena,
881 3336 1019 3391 eructantia
1037 3349 1067 3386 ea
1081 3332 1127 3384 Aac
1140 3330 1165 3382 in
1180 3328 1246 3380 troc:
1261 3340 1317 3378 ores

532 3453 620 3491 eorum
628 3436 752 3504 lecnrtdoe,
765 3431 961 3500 multiplicantes
971 3429 997 3480 in
1012 3425 1149 3496 corticibus
1161 3422 1231 3483 suis,·
1245 3417 1317 3472 boues

530 3545 615 3582 eorum
628 3529 707 3582 crassi
722 3542 732 3579 .·
745 3541 795 3579 non
814 3533 850 3578 est
869 3523 943 3574 ruina
960 3520 1045 3590 sepis,
1066 3533 1110 3570 nec
1124 3515 1220 3580 caitus,
1239 3525 1318 3580 nequa

529 3632 625 3672 ctotnor
640 3619 665 3670 in
682 3616 771 3687 pluteis
787 3630 882 3667 corurn.
903 3612 971 3680 Ergo
992 3624 1044 3661 nnn
1064 3617 1105 3660 est
1120 3606 1169 3670 ista
1184 3598 1317 3657 felicitas?

532 3713 666 3780 interrogo
680 3710 746 3762 Alios
762 3708 835 3775 regni
850 3705 994 3763 coetruurn,
1010 3701 1144 3767 interrogo
1164 3694 1316 3767 progeniem

532 3799 734 3856 resurrectionis
747 3798 773 3850 in
788 3807 926 3854 cotermon,
942 3794 1075 3856 interrogo
1090 3802 1185 3855 eorpus
1199 3784 1315 3849 Clrristi,

530 3891 649 3945 rrneorbra
664 3888 778 3951 Ctrristi,
794 3885 918 3952 temptam
935 3882 980 3936 ltei
994 3898 1000 3931 :
1016 3880 1084 3947 Ergo
1100 3885 1205 3931 nonest
1218 3876 1267 3930 ista
1281 3876 1318 3931 le-

531 3966 633 4047 licitns,
649 3982 746 4036 Aatrere
762 3980 830 4033 Alios
845 3978 1008 4037 incolumen,
1024 3973 1089 4026 Alias
1102 3980 1225 4030 «renatas,
1238 3971 1316 4040 plena

529 4074 648 4139 cellurio,
662 4071 820 4126 abnndantia
837 4083 942 4137 pocom,
957 4065 1055 4119 ordiam
1068 4063 1181 4124 ruinam,
1194 4076 1245 4115 non
1258 4061 1317 4115 dico

530 4166 649 4236 parietis,
661 4164 706 4218 sod
720 4177 769 4216 nce
780 4161 864 4230 sapis:
877 4160 975 4212 nultum
988 4156 1126 4210 tumultum
1137 4163 1164 4207 et
1173 4153 1316 4206 einnonem

531 4259 557 4310 io
570 4255 671 4325 plateis,
685 4255 731 4307 scd
744 4251 869 4318 quierem,
884 4263 985 4318 pacem,
1002 4244 1199 4307 atrrordaatiam,
1215 4243 1317 4310 copiam

531 4363 619 4403 rerum
641 4347 666 4399 iu
681 4344 818 4406 domibus,
837 4342 861 4393 in
877 4337 1043 4393 ciritatitros?
1061 4338 1128 4406 Ergo
1144 4345 1249 4388 nonest
1269 4336 1316 4387 ista

532 4436 662 4492 felicitas?
675 4446 720 4487 aut
734 4433 831 4487 debent
844 4446 901 4484 cam
916 4429 979 4497 justi
993 4426 1139 4495 defugere?
1151 4434 1196 4478 aut
1210 4441 1261 4477 aon
1276 4425 1317 4476 in·

531 4528 606 4599 terris
617 4533 643 4578 et
655 4524 761 4578 domam
772 4521 834 4589 justi
847 4519 1024 4572 abundantem
1040 4517 1119 4570 rebus
1133 4515 1173 4568 bis
1183 4515 1316 4576 ornantibus,

531 4622 635 4692 plenam
646 4618 695 4672 ista
709 4615 850 4670 leticitatc‘t
866 4611 921 4665 lion
937 4619 993 4664 erat
1006 4608 1100 4663 domos
1112 4605 1224 4661 Abrabae
1234 4605 1324 4659 abun·-

531 4713 599 4766 duas
608 4725 682 4773 atrro,
694 4714 814 4776 argento,
827 4704 896 4766 litiis,
911 4701 1019 4765 lauritio,
1033 4698 1172 4767 pecoribus
1184 4695 1257 4766 (lien.
1269 4710 1315 4758 ru,

532 4805 604 4868 ti;et
620 4797 736 4860 nnuc
746 4797 775 4866 l?
793 4794 886 4849 Nonne
900 4791 981 4846 tncob
996 4799 1103 4843 sanictos
1118 4786 1264 4856 patriarcba
1279 4786 1320 4839 iu·

531 4897 633 4965 gtcrnsa
650 4890 715 4945 lucie
730 4890 796 4942 Esau
817 4885 906 4940 lratris
920 4884 960 4936 soi
977 4882 1002 4934 iu
1017 4881 1248 4950 Mesopotamiam,
1262 4894 1317 4932 ser·

532 4990 607 5041 uictis
619 4986 734 5047 ditatas,
755 4993 890 5048 regressus
904 4986 962 5036 cst,
983 4972 1075 5042 etegit
1095 4975 1192 5040 gratias
1208 4973 1318 5026 boariuo

499 5068 504 5078 ²
534 5081 588 5133 troo
597 5076 723 5144 sao‚aoia
735 5073 761 5126 in
769 5073 838 5140 tinga
849 5085 896 5124 sna
908 5067 1011 5122 tnmsiit
1021 5066 1138 5125 Aurium,
1149 5075 1174 5118 ot
1183 5079 1320 5133 regressus

534 5179 576 5223 cst
587 5185 645 5222 curn
658 5176 727 5220 tanta
740 5161 898 5217 aburntaotia
911 5173 1035 5229 pecorum
1047 5165 1126 5225 atque
1139 5157 1250 5208 tiliorum
1263 5156 1316 5223 (td.

534 5275 607 5323 xxti,
623 5259 703 5321 l83et
718 5271 800 5317 xxxta,
810 5253 874 5305 t-tc
885 5253 912 5317 tt
926 5248 993 5316 Quid
1006 5247 1140 5302 diciantsl
1155 5263 1207 5300 uon
1219 5259 1257 5299 est
1271 5248 1318 5298 ison

533 5347 668 5407 Atticitas‘t
686 5347 727 5400 Sit
741 5345 821 5405 ticet,
836 5341 882 5397 sed
904 5342 1020 5395 sinistra.
1043 5338 1110 5405 Quid
1125 5348 1184 5402 est,
1200 5336 1316 5391 sinistra.

534 5443 556 5496 T
558 5440 710 5509 eroporatis,
724 5435 852 5496 innectatis,
868 5431 1022 5500 corporatis.
1039 5429 1104 5482 Noto
1120 5429 1190 5482 ittam
1202 5427 1255 5495 iarn
1271 5427 1320 5479 dil·

534 5531 631 5603 logias,
643 5528 690 5583 sed
701 5541 787 5595 neqtte
799 5524 937 5579 dexteram
952 5532 1038 5592 patos.
1050 5518 1107 5573 Noa
1121 5518 1191 5573 enirn
1207 5517 1249 5571 isti
1261 5517 1320 5571 ideo

535 5621 652 5692 trratigni,
668 5619 728 5674 ideo
742 5617 812 5678 varri,
829 5614 890 5685 qrria
907 5613 947 5667 Ais
961 5609 1144 5674 abundabant;
1159 5607 1205 5662 sed
1219 5611 1278 5676 quja
1293 5605 1319 5660 id

533 5714 604 5785 rpuod
617 5712 751 5768 sinistrum
763 5722 822 5763 esse
831 5706 932 5768 debuit,
945 5705 970 5757 ia
982 5703 1090 5757 dextera
1101 5701 1245 5771 ponebant.
1260 5700 1320 5754 tdett

533 5819 556 5860 et
571 5810 672 5858 dextera
685 5817 769 5855 eornm
782 5799 884 5852 dextera
899 5794 1055 5863 iniquitatis;
1070 5793 1129 5846 ideo
1143 5807 1171 5845 or
1182 5808 1268 5846 eorum
1284 5793 1321 5844 lo-

533 5907 618 5949 cntnrn
631 5904 666 5950 est
678 5895 811 5947 sancitatem
827 5889 911 5959 :quia
926 5887 977 5941 Aac
996 5887 1021 5940 in
1035 5885 1143 5941 dextera
1157 5892 1319 5954 posuerunt,

537 5987 608 6053 ouod
620 5992 645 6039 to
657 5987 761 6040 sinistra
775 5983 873 6037 trabere
885 5979 1042 6034 debuerunt.
1056 5977 1123 6044 Quid
1136 5977 1207 6030 enirn
1222 5977 1247 6029 in
1256 5975 1321 6030 dcx·

536 6088 593 6129 tera
608 6091 705 6146 ponere
725 6073 890 6129 dobnerum?
910 6071 992 6125 Deum
1005 6109 1012 6136 ,
1027 6070 1202 6124 mteruitatem
1215 6110 1222 6135 ,
1236 6082 1320 6121 annos

535 6168 584 6224 net
603 6183 654 6222 noo
675 6166 846 6233 deficientes,
862 6164 895 6220 de
909 6162 1004 6233 atritas
1024 6160 1138 6229 dicitur,
1155 6158 1188 6214 oi
1209 6161 1270 6214 unni
1284 6160 1321 6214 tui

1144 751 1172 807 S.
1194 744 1372 804 ,ttattstta't
1394 744 1542 803 EtlSCOPl

2089 756 2157 812 tutta

1370 880 1421 917 non
1431 865 1546 932 deficient
1558 861 1641 937 (Prot.
1653 882 1688 934 ct,
1701 866 1751 938 ι28)
1765 887 1770 924 :
1782 870 1815 924 ibi
1827 871 1949 939 dextera,
1962 873 1997 928 ibi
2008 875 2159 930 assentetur

1370 954 1530 1010 desiderium
1544 966 1673 1013 nostrum.
1686 960 1796 1015 Sinistra
1808 973 1912 1017 utantur
1924 965 2161 1034 adtempus,de1·

1371 1054 1454 1101 teram
1469 1048 1650 1104 desideremus
1665 1051 1690 1105 io
1710 1063 1848 1108 aeternam.
1865 1055 1966 1111 [tiritioe
1980 1055 2002 1110 si
2015 1056 2111 1120 boant,
2127 1073 2161 1113 ae

1370 1142 1508 1216 opponatis
1521 1155 1567 1195 cor
1579 1140 1665 1212 (Psoi.
1681 1159 1733 1210 oxi,
1749 1146 1778 1199 tt
1790 1147 1810 1216 ).
1830 1145 1858 1202 Si
1876 1149 1946 1202 enim
1961 1147 2062 1203 divitiis
2076 1148 2160 1204 Auerr-

1370 1231 1440 1285 tibos
1452 1247 1500 1287 cor
1514 1236 1708 1303 apposueritis,
1725 1237 1794 1306 quod
1807 1238 1941 1293 sinistrum
1960 1251 2018 1303 est,
2033 1240 2161 1298 dextram

1371 1322 1480 1376 Arciotis.
1497 1322 1626 1394 corrigite
1640 1341 1706 1390 vos,
1722 1329 1856 1397 agnoscito
1878 1330 2034 1398 sapientiam
2058 1335 2162 1402 amptr-

1369 1423 1484 1468 eteatem
1500 1431 1547 1469 vos
1560 1431 1567 1480 ;
1582 1417 1624 1471 cui
1639 1417 1737 1473 dictum
1752 1432 1811 1485 est,
1828 1421 1937 1477 Sinistra
1952 1426 2007 1493 ejus
2017 1426 2067 1479 sub
2080 1425 2161 1494 'capita

1369 1522 1434 1571 meo,
1447 1517 1469 1560 at
1483 1507 1584 1563 dextera
1596 1512 1650 1579 ejus
1662 1513 1839 1582 conrpleetetur
1852 1533 1890 1569 nra
1903 1514 1989 1587 (Cant.
2007 1534 2036 1584 ιι,
2053 1518 2101 1587 6).
2118 1519 2162 1574 vt·

1369 1595 1430 1651 dete
1440 1593 1567 1653 amatoria
1582 1611 1671 1656 sancta
1686 1606 1805 1670 cantica;
1821 1607 1906 1662 ridete
1919 1607 2027 1664 Cantica
2042 1611 2163 1667 cantico·

1371 1702 1439 1757 ιιιιιι,
1456 1692 1604 1762 nuptiarum
1620 1695 1766 1750 coelestium
1781 1699 1880 1753 Christi
1894 1709 1920 1754 et
1935 1701 2077 1758 Ecclesiae.
2093 1702 2161 1771 Quid

1370 1780 1432 1835 dicit
1447 1797 1543 1851 sponsa
1559 1784 1592 1839 de
1606 1787 1723 1854 sponso?
1739 1789 1850 1843 Sinistra
1868 1791 2160 1862 ducentenarium,

1370 1880 1394 1924 et
1412 1871 1514 1926 dentem
1532 1876 1585 1943 ejus
1605 1879 1782 1946 cortrpiectetur
1796 1896 1844 1933 nte.
1857 1879 1969 1937 Sinistra
1989 1886 2041 1938 sub
2054 1885 2160 1956 capite,

1369 1961 1481 2018 dextera
1492 1979 1571 2032 saper
1583 1977 1669 2036 capot.
1684 1968 1874 2038 amplectentis
1887 1973 1957 2028 enirn
1969 1973 2088 2046 desuper
2098 1976 2162 2032 bra·

1370 2054 1457 2111 chium
1471 2071 1551 2126 super
1565 2068 1660 2128 caput,
1677 2059 1782 2114 sinistra
1803 2071 1890 2117 arrtem
1905 2063 1997 2120 subter
2010 2077 2102 2137 eaput.
2117 2069 2161 2124 Si-

1370 2148 1464 2211 nistra,
1482 2149 1585 2219 ioqoit,
1600 2151 1655 2220 ejus
1669 2154 1714 2205 sub
1728 2153 1809 2224 capite
1823 2171 1887 2208 artae.
1901 2154 1958 2209 Noa
1971 2158 2043 2212 euim
2060 2174 2103 2214 me
2115 2160 2163 2216 de·

1369 2251 1442 2296 seret
1461 2241 1486 2295 io
1508 2244 1697 2313 temporalibus
1721 2248 1877 2303 trecessariis
1897 2249 1967 2305 :sed
1991 2260 2082 2307 marea
2104 2254 2160 2324 ipsa

1369 2331 1475 2385 sinistra
1489 2331 1538 2387 sub
1556 2335 1643 2405 capite
1655 2337 1724 2401 erit;
1746 2351 1798 2390 non
1812 2339 1891 2408 copiti
1905 2351 2097 2410 praeponetur,
2112 2345 2161 2400 sed

1369 2421 1420 2474 erit
1436 2421 1486 2474 sub
1506 2423 1609 2491 capite;
1634 2433 1661 2478 nt
1682 2424 1791 2480 deutera
1812 2428 1869 2496 ejus
1892 2432 2085 2501 complectatur
2099 2451 2158 2501 me,

1369 2509 1497 2578 pollicens
1506 2511 1587 2566 ritarn
1597 2522 1734 2584 aternam.
1751 2515 1788 2570 tta
1800 2518 1870 2572 enim
1883 2520 1989 2575 sinistra
2000 2523 2053 2576 sub
2062 2526 2158 2594 eapite,

1368 2600 1391 2653 si
1405 2599 1513 2656 dextera
1526 2616 1606 2672 super
1615 2615 1694 2673 caput
1706 2622 1714 2671 ;
1728 2607 1903 2680 impletorque
1916 2613 1985 2682 qood
1998 2615 2005 2646 ¹
2019 2615 2055 2670 ad
2067 2617 2159 2673 'limo-

1370 2694 1458 2748 tlteunt
1473 2696 1599 2765 scriptum
1615 2708 1656 2752 est
1674 2715 1681 2752 ι
1702 2699 1898 2758 Prornissionem
1917 2705 2010 2762 babens
2025 2710 2084 2764 vitm
2096 2729 2160 2779 prte-

1368 2786 1444 2839 seatis
1455 2796 1478 2838 et
1492 2791 1585 2855 soture
1597 2786 1623 2858 (Ι
1635 2786 1700 2841 Tim.
1711 2804 1747 2853 ιι,
1760 2790 1803 2860 8).
1824 2791 2040 2865 l'ronrissionenr,
2058 2801 2157 2870 intonuit,

1369 2876 1461 2930 trabeas
1474 2878 1530 2930 uitur
1544 2881 1673 2949 praesentiis
1686 2890 1708 2933 et
1721 2881 1822 2951 [otor-a.
1837 2884 1905 2952 Quid
1920 2885 1945 2941 ia
1960 2894 2109 2958 prosena?
2122 2895 2161 2947 Si·

1369 2968 1448 3021 tristro
1462 2971 1506 3023 rub
1519 2971 1610 3041 capite.
1625 2972 1693 3039 Quid
1705 2974 1729 3027 in
1743 2972 1852 3030 loturo?
1864 2975 1975 3033 Dextera
1987 2984 2043 3052 ejus
2056 2988 2159 3057 conrpta

1368 3069 1447 3113 otetur
1459 3077 1506 3113 me.
1523 3061 1646 3130 Temperi
1660 3067 1809 3121 necessaria
1822 3070 1959 3138 queritis?
1981 3073 2095 3138 Quartae
2106 3080 2158 3146 pri-

1369 3167 1435 3204 murn
1455 3169 1559 3223 reanum
1579 3153 1644 3222 oet,
1660 3156 1686 3211 id
1706 3168 1763 3226 est,
1779 3159 1933 3230 dexteram3
1957 3174 1982 3219 et
2003 3154 2160 3226 Aoeeonrnie

1367 3255 1524 3313 apponentur
1545 3246 1612 3300 nobis
1640 3247 1754 3319 (Mattio.
1778 3266 1825 3316 vt,
1848 3253 1912 3324 33).
1933 3255 2075 3317 ilabebitls
2097 3262 2158 3328 liic,

1369 3334 1468 3406 inquit,
1485 3345 1511 3390 et
1524 3336 1630 3392 divitias
1642 3347 1668 3393 et
1682 3339 1790 3409 gloriata
1803 3383 1810 3404 ,
1826 3353 1852 3397 et
1865 3345 1897 3403 in
1906 3346 1994 3403 luttrro
2006 3353 2107 3406 saecuto
2119 3355 2159 3407 ui-

1370 3434 1422 3478 tam
1436 3436 1562 3481 aternam
1578 3446 1584 3481 :
1598 3438 1625 3483 et
1639 3429 1745 3486 sinistra
1759 3435 1900 3490 continebo
1916 3437 2099 3498 infirmitatem
2113 3461 2159 3499 re·

1368 3524 1450 3571 stram
1463 3558 1472 3583 ,
1486 3527 1513 3571 et
1536 3518 1645 3574 dextera
1667 3523 1800 3578 cocorrabo
1825 3526 2016 3595 perlectionem
2032 3544 2158 3591 restrum.

1369 3610 1409 3662 Aa
1423 3608 1491 3664 lorte
1505 3611 1624 3680 Apostoli
1640 3613 1818 3684 relinquentes
1829 3620 1916 3672 ornanda
1930 3613 1990 3686 sun,
2003 3635 2052 3678 out
2064 3643 2161 3698 paupe

1369 3699 1442 3754 ribus
1452 3700 1522 3769 qnod
1535 3701 1666 3757 trabebant
1679 3704 1876 3772 distribuentes,
1889 3710 1947 3767 sinc
1960 3713 2063 3770 divitiis
2075 3719 2101 3772 in
2112 3720 2160 3774 Aoo

1369 3791 1467 3845 socole
1482 3795 1685 3848 remanserunt?
1703 3794 1737 3849 Et
1752 3797 1795 3850 utri
1809 3806 1851 3852 est
1867 3799 1911 3854 itta
1931 3805 2079 3869 prorrrissio
2095 3809 2160 3864 stoi-

1369 3894 1431 3935 strnr
1443 3898 1450 3936 ε
1462 3881 1572 3952 Accipiet
1585 3885 1611 3937 io
1624 3886 1671 3938 Aac
1686 3889 1777 3942 seculo
1790 3892 1880 3959 septies
1892 3902 1990 3949 tutatum
1998 3898 2008 3928 ¹
2017 3897 2030 3951 t
2038 3897 2161 3969 liuttipli·

1370 3972 1501 4027 cntionem
1514 3976 1642 4042 prontisit.
1657 3977 1689 4030 Et
1703 3993 1805 4044 revera,
1821 3982 1883 4051 qaid
1896 3983 1966 4040 desit
1979 3986 2082 4044 tronrioi
2095 3991 2160 4046 Dei?

1369 4062 1397 4118 Si
1412 4064 1471 4133 quis
1492 4066 1559 4120 torte
1579 4066 1693 4123 infidelis
1713 4078 1771 4135 est,
1788 4087 1866 4126 unam
1881 4074 1989 4131 domum
2005 4089 2053 4134 aut
2067 4098 2160 4150 patiens

1369 4156 1448 4211 trabct
1469 4178 1474 4210 :
1490 4156 1587 4213 Fidelis
1606 4162 1714 4215 lrorninis
1735 4172 1801 4217 totus
1818 4166 1926 4220 mundus
1941 4169 2088 4226 dinitiarum
2103 4175 2160 4227 ιιι*

1370 4245 1379 4317 (
1388 4245 1463 4301 Prou.
1479 4264 1547 4314 xrrr,
1561 4249 1595 4313 6,
1609 4250 1679 4321 oport
1690 4252 1788 4325 LXX).
1801 4253 1867 4311 l'itte
1885 4258 2023 4315 sinistram
2039 4264 2160 4336 ejrrspte·

1370 4353 1430 4392 nam
1442 4340 1491 4395 sub
1503 4343 1589 4411 capite
1603 4361 1609 4395 :
1624 4344 1734 4414 Accipiet
1745 4347 1772 4399 in
1786 4347 1831 4401 Aac
1843 4353 1935 4404 seculo
1947 4355 2041 4422 septies
2054 4366 2160 4411 tarnum.

1373 4432 1439 4489 Alide
1454 4434 1589 4489 dexteram
1610 4439 1830 4508 complectentem
1849 4459 1855 4494 :
1878 4441 1912 4497 Et
1924 4448 1951 4498 in
1964 4438 2054 4516 [ιιιιιιό
2070 4452 2162 4504 secuto

1369 4527 1445 4579 uitam
1458 4535 1577 4581 aternam
1590 4528 1701 4599 (ttotrtr.
1712 4547 1765 4592 arx,
1776 4530 1834 4603 29).
1846 4533 1939 4590 Alerito
1951 4541 1978 4591 et
1990 4538 2046 4592 alio
2058 4538 2119 4595 loco
2128 4542 2161 4595 do

1371 4619 1426 4689 ipo
1439 4618 1571 4688 Sapientia
1585 4620 1700 4675 dicitrtr:
1716 4621 1749 4676 tn
1761 4625 1863 4678 dextera
1876 4628 1930 4695 ejus
1944 4629 2007 4681 anni
2021 4630 2088 4695 uita,
2102 4643 2126 4686 et
2136 4634 2162 4686 in

1370 4710 1472 4763 sinistra
1484 4713 1539 4782 ejus
1552 4712 1644 4766 diuitiae
1656 4723 1680 4766 et
1693 4714 1773 4768 ltonor
1786 4716 1795 4786 )
1808 4714 1884 4772 Pron.
1900 4733 1938 4784 ιιι,
1956 4721 2016 4786 tt).

1378 4871 1384 4883 ἣ
1407 4803 1450 4856 ru.
1475 4801 1558 4874 [uera
1582 4801 1646 4876 tn]
1670 4804 1745 4860 tlode
1767 4821 1830 4878 ergo
1846 4809 1890 4863 isti
1904 4810 2066 4882 vaniloqui?
2080 4830 2163 4884 arram

1370 4895 1513 4949 vanitatem
1529 4896 1643 4950 locutum
1659 4905 1699 4950 est
1713 4912 1744 4951 os
1756 4913 1847 4953 eorunm
1858 4901 1870 4941 l
1881 4899 1948 4967 Quia
1959 4903 2065 4958 dentem
2074 4922 2163 4960 aarum

1371 4986 1471 5039 deutero
1484 4986 1630 5057 iniquitatis.
1653 4986 1710 5041 Non
1723 5004 1787 5058 crgo
1799 5005 1845 5045 eos
1859 5007 1951 5061 arguo,
1967 4995 2031 5065 quia
2055 4996 2103 5051 tilii
2115 5014 2161 5053 eo·

1371 5094 1428 5131 rom
1445 5078 1516 5132 retot
1538 5079 1648 5133 aorettro
1663 5080 1836 5137 corrsmbitita·
1849 5100 1863 5139 a
1877 5083 2016 5153 jarreruote
2031 5104 2092 5156 sun,
2114 5107 2162 5146 occ

1370 5174 1429 5241 nain
1445 5172 1503 5225 tiliae
1524 5187 1615 5226 eorum
1630 5182 1729 5227 (narratur
1750 5175 1817 5228 sicot
1831 5175 1975 5232 statilitudo
1990 5182 2098 5250 ternplt,
2113 5199 2161 5239 nec

1370 5264 1430 5330 ‹pria
1455 5271 1549 5316 catera
1572 5262 1732 5317 abundantia
1746 5273 1773 5318 et
1795 5278 1844 5332 par
1860 5275 1967 5322 terrena
1989 5269 2086 5326 adorat
2099 5274 2162 5327 etst

1371 5353 1417 5404 sed
1440 5368 1520 5421 qtrare
1533 5353 1637 5423 argnto?
1651 5352 1756 5406 Beatum
1778 5354 1896 5409 dicerunt
1917 5359 2040 5427 populum
2054 5365 2096 5415 cui
2112 5364 2165 5418 Aac

1371 5455 1438 5496 sura.
1455 5443 1477 5498 0
1492 5445 1630 5514 loquentes
1651 5446 1771 5501 troarincs
1788 5449 1949 5505 vanitatem!
1966 5451 2076 5519 Atratum
2091 5457 2166 5510 disc-

1371 5546 1429 5590 runt
1441 5538 1561 5606 populum
1575 5538 1615 5591 cui
1628 5538 1680 5591 trec
1692 5545 1759 5591 sunt.
1775 5538 1950 5596 Perdiderunt
1964 5556 2058 5598 reram
2072 5545 2166 5602 dente·

1404 5736 1414 5770 ¹
1427 5734 1539 5804 tteritpte
1550 5742 1613 5784 tiss:
1629 5740 1666 5784 tta
1675 5734 1738 5786 enim
1751 5733 1849 5787 sinlttra
1860 5736 1903 5787 sub
1913 5738 1998 5802 cupite,
2011 5741 2118 5793 demta
2128 5758 2168 5795 aa·

1372 5811 1415 5860 per
1427 5804 1507 5857 capnt,
1519 5796 1631 5860 onptctur
1643 5799 1707 5859 arrad
1715 5797 1757 5856 aa,
1771 5805 1818 5848 etc.

1404 5860 1531 5917 ¹Qtratuor
1544 5867 1606 5929 uss..
1623 5859 1710 5910 centus
1729 5866 1828 5911 turtum.
1849 5859 1891 5909 atti
1909 5862 2051 5922 monada,
2078 5865 2169 5926 epoto

1372 5923 1464 5969 tantum
1478 5932 1486 5991 ς
1500 5926 1571 5990 etsie
1586 5919 1645 5969 attas
1661 5924 1738 5970 retent
1757 5923 1902 5984 togasurrns
1914 5923 1977 5972 trnrrc
1995 5927 2121 5999 tranacta
2135 5928 2168 5973 to·

1373 5994 1437 6092 cusp,
1446 5983 1560 6091 partone
1567 5995 1611 6043 pro
1616 5981 1843 6046 etotontoptusa'orm
1849 5983 1955 6034 habetat
1966 5986 1991 6034 iu
1998 6001 2090 6048 gratas
2100 5990 2169 6038 toea

1380 6055 1586 6167 dogm&
1598 6103 1736 6155 dinitiarum
1753 6113 1801 6171 est„
1810 6114 1869 6162 tos,
1881 6105 1974 6166 mortu,
1990 6109 2024 6157 ab
2035 6108 2168 6177 adimitis,

1375 6173 1402 6217 et
1412 6179 1426 6216 a
1437 6173 1489 6215 tiss.
1502 6167 1580 6229 atrest,
1590 6179 1671 6230 aeque
1679 6170 1801 6229 reperitur
1818 6169 1842 6217 tn
1851 6177 1932 6220 &aaa
1944 6175 2008 6220 ιιι.
