5400 7059
582 681 650 739 tusa
684 667 690 678 '

581 791 687 847 dement
708 807 722 847 a
744 806 834 856 eroco,
851 789 1000 844 audientem
1025 804 1039 842 a
1061 788 1159 855 surdo,
1178 790 1367 843 cluonmtema

582 894 667 953 moto,
679 885 855 940 ambtdantcm
868 881 902 936 ab
915 880 1054 947 immobili,
1066 882 1224 936 sentientem
1236 880 1270 935 ab
1278 880 1369 935 insen·

581 989 657 1043 sato,
675 977 834 1031 rirentema
850 981 971 1038 mortuo,
987 976 1041 1027 imo
1053 974 1188 1029 deteriore
1202 989 1280 1044 quam
1297 990 1369 1028 mor·

582 1081 638 1122 mo.
654 1069 784 1121 Mortuum
798 1067 895 1136 quippe
910 1067 980 1133 sicut
990 1065 1159 1120 manifestum
1171 1080 1211 1121 est
1224 1081 1276 1121 uon
1291 1067 1368 1123 nire·

497 1188 500 1192 *
517 1173 522 1179 ·
576 1176 620 1225 re,
636 1161 671 1213 ita
686 1158 853 1213 manifestum
868 1168 909 1213 est
923 1158 1064 1228 aliquando
1075 1159 1182 1212 risisse.
1198 1158 1368 1229 Quapropter

580 1250 660 1305 deum
673 1250 717 1321 qui
731 1264 782 1305 nee
795 1249 859 1305 nisit
872 1263 921 1303 nee
932 1250 1008 1315 vixit,
1023 1249 1140 1319 prolecto
1151 1258 1177 1304 et
1190 1259 1310 1318 mortuus
1320 1265 1368 1305 an·

580 1341 686 1398 tecedit.

614 1432 640 1488 3.
662 1432 730 1500 Quid
745 1434 796 1488 lroc
811 1431 987 1497 manifestius,
1005 1431 1100 1487 iratres
1114 1432 1165 1486 mei
1182 1432 1366 1487 dilectissimi?

558 1525 639 1599 'qnid
664 1526 829 1583 evidentius?
842 1527 907 1589 Quis
931 1542 996 1595 puer
1020 1527 1213 1595 iuterrogatus,
1238 1540 1291 1580 non
1314 1525 1366 1581 boe

578 1628 681 1675 cerlnm
704 1634 764 1675 esse
782 1617 960 1687 respoudeat,
974 1617 1043 1688 quod
1057 1616 1201 1672 Sintnlocro
1214 1617 1325 1688 pretinm
1338 1634 1366 1670 oa

579 1712 670 1767 tratrem
679 1722 725 1776 ,et
738 1728 789 1766 non
803 1711 954 1780 loquentum
969 1708 1057 1764 oculor
1069 1708 1177 1773 lenient,
1193 1718 1216 1762 et
1231 1724 1282 1763 non
1296 1708 1366 1762 oide-

579 1805 790 1870 torqueano
801 1820 860 1873 qum
868 1801 973 1856 dirtous
982 1815 1071 1856 sermo
1079 1798 1366 1869 euttletnitiCurergo

578 1906 719 1966 tattlopere
732 1893 846 1965 Spiritus
858 1902 967 1949 sanctus
981 1900 1059 1947 curat
1072 1891 1268 1962 seripturarum
1283 1890 1365 1961 pluri-

577 1988 629 2043 mis
640 1988 706 2043 loeis
715 1978 772 2041 bae
786 1987 922 2041 insinuare
931 1995 1011 2055 atque
1022 1985 1156 2039 inculeare
1165 1983 1237 2039 velut
1250 1982 1365 2038 inscien-

578 2079 663 2144 ttbns,
679 2078 753 2148 quasi
769 2086 822 2132 nou
839 2076 965 2132 otnnibns
979 2075 1148 2146 apertissima
1165 2083 1245 2146 atque
1258 2075 1365 2130 notissi-

576 2186 633 2234 ma:
650 2172 700 2227 nisi
711 2171 771 2243 qnia
787 2171 890 2243 speeies
903 2170 1102 2236 membrorum,
1116 2170 1195 2240 quam
1209 2169 1365 2230 naturaliter

540 2261 544 2275 '
577 2265 602 2318 in
618 2263 796 2319 animantibus
809 2263 942 2317 virentem
958 2261 1151 2332 viderentque
1171 2262 1197 2315 in
1217 2261 1364 2316 uobismet-

576 2355 641 2426 ipsis
652 2355 751 2412 semire
761 2356 960 2422 consuevimus,
969 2370 1131 2424 (tuanquam,
1141 2362 1171 2409 ut
1181 2354 1217 2408 illi
1229 2364 1363 2416 asserunt,

577 2450 603 2502 in
614 2449 719 2518 signnm
730 2449 836 2518 aliquod
851 2446 996 2503 labreiuct'a
1006 2458 1086 2517 atque
1098 2446 1224 2502 eminenti
1235 2445 1363 2501 collocata

574 2549 699 2611 suggestu
713 2540 733 2606 ¹,
745 2554 805 2594 eum
818 2538 922 2593 adorari
934 2547 1013 2609 atque
1026 2538 1177 2592 ltonuraria
1193 2537 1364 2593 multitudine

573 2631 703 2702 eoeperit,
720 2628 790 2700 parit
810 2629 836 2685 lu
855 2644 1016 2700 unoquoque
1030 2628 1243 2685 sordidissimum
1263 2629 1362 2685 erroris

496 2793 498 2797 .
573 2720 708 2789 allectum,
724 2731 752 2776 ut
765 2723 892 2794 qnoniam
905 2722 931 2776 in
946 2720 994 2776 illu
1007 2720 1133 2792 ogroeuto
1145 2731 1198 2776 non
1209 2721 1311 2776 inuenit
1324 2721 1363 2774 ri-

573 2815 652 2870 talem
673 2822 790 2879 motum,
806 2812 899 2868 eredat
914 2827 1012 2867 numen
1026 2812 1177 2876 occultum:
1193 2811 1309 2882 effigiem
1324 2821 1362 2867 ta-

573 2920 634 2961 men
648 2905 748 2961 virenti
760 2904 865 2973 corpori
879 2903 1004 2968 similem,
1018 2903 1143 2958 seductus
1154 2902 1237 2958 lorma
1252 2912 1278 2958 et
1289 2919 1361 2958 corrr-

573 3005 662 3052 motus
691 2983 848 3051 auctoritate
879 2994 954 3065 quasi
985 2993 1143 3062 sapientium
1178 2993 1360 3048 institutorum

572 3087 828 3158 obsequentiumque
842 3084 992 3146 turbarum,
1008 3083 1069 3137 siue
1084 3084 1145 3136 viro
1158 3083 1246 3153 aliquo
1258 3083 1361 3137 babita-

573 3187 630 3232 tore
643 3188 704 3232 esse
723 3191 775 3230 uon
788 3175 880 3245 putati
896 3170 963 3229 ilinc
976 3182 1004 3228 et
1016 3173 1083 3227 mala
1099 3173 1230 3227 damonia
1250 3173 1282 3228 ad
1300 3189 1359 3243 pos·

572 3261 681 3323 'sidentia
705 3265 829 3324 Gentium
851 3265 994 3321 simulacra
1017 3265 1077 3319 talis
1097 3265 1233 3319 lmmiumu
1248 3265 1359 3320 alieetus

572 3361 675 3425 inritat,
689 3368 803 3431 quorum
817 3356 1041 3429 presidentium¹
1058 3356 1131 3410 naria
1147 3356 1249 3411 lallaeia
1264 3359 1359 3413 morti-

570 3451 619 3506 feri
630 3450 796 3505 seminantur
805 3458 831 3504 et
842 3446 1052 3517 multiplicantur
1064 3461 1181 3502 errores.
1191 3447 1260 3503 Aliis
1270 3448 1359 3518 itaque

570 3543 637 3600 loeis
651 3552 678 3597 et
691 3551 785 3596 eontra
801 3539 849 3609 ista
864 3538 961 3593 diriuae
976 3538 1085 3593 litter-:n
1101 3538 1220 3608 vigilant,
1236 3555 1270 3594 ne
1281 3544 1357 3608 quis·

570 3653 648 3706 rutam
669 3636 758 3700 dieat,
772 3649 832 3689 eum
847 3632 923 3686 irrisa
938 3631 1034 3686 suerint
1049 3630 1188 3684 sinmlacra
1208 3649 1214 3683 ι
1229 3630 1286 3685 Non
1307 3630 1358 3687 boc

571 3726 674 3781 risibile
688 3741 703 3781 e
715 3726 759 3789 lo,
774 3722 820 3778 sed
835 3739 932 3777 numen
946 3721 1016 3791 quod
1031 3721 1086 3775 illic
1100 3720 1266 3776 inuisibiliter
1281 3721 1357 3775 babi-

571 3828 617 3872 tat.
630 3818 687 3886 ipsa
699 3833 762 3886 erqo
776 3815 884 3871 numina
896 3815 922 3869 in
934 3814 987 3868 alin
1001 3813 1104 3882 psalmo
1114 3811 1208 3868 eudem
1221 3812 1357 3884 Serlptora

569 3911 607 3963 sie
620 3909 746 3963 danmal:
761 3907 886 3975 Quotrimn
899 3906 935 3959 dii
948 3903 1083 3967 Gentium,
1098 3902 1201 3971 iuquit,
1213 3904 1356 3968 demerim·

571 4001 693 4055 liortrinur
703 4010 785 4054 autern
797 3999 872 4053 celos
882 3997 938 4065 iecit
947 3994 1032 4065 (Psoi.
1046 4011 1106 4057 xer,
1118 3994 1157 4064 5).
1169 3990 1236 4050 Dicit
1247 4004 1275 4049 et
1285 3996 1356 4063 dqtn·

568 4095 652 4149 stolus
665 4113 670 4146 :
687 4091 744 4146 Non
756 4093 824 4161 qnod
836 4090 931 4144 idolum
944 4090 976 4142 sit
991 4087 1099 4156 aliquid,
1115 4088 1159 4140 sed
1171 4087 1357 4158 quoniamque

568 4187 698 4238 irrnnoiun‘t
709 4181 809 4247 Gentes,
821 4181 952 4235 doernrru'ia
963 4179 1104 4244 immolant,
1114 4187 1137 4230 et
1150 4194 1199 4231 non
1211 4171 1274 4230 Dro.
1288 4175 1356 4230 Nolo

568 4293 611 4332 aas
624 4278 704 4331 socios
717 4275 773 4345 fieri
783 4274 963 4327 drenroniornm
979 4270 988 4332 i
996 4269 1003 4321 l
1015 4270 1074 4324 Cor.
1089 4285 1116 4330 tt,
1132 4269 1164 4324 ta
1175 4280 1197 4322 et
1208 4264 1268 4340 iil).

605 4371 632 4424 l.
647 4365 776 4423 Videntur
789 4374 877 4419 autem
892 4363 941 4418 sibi
964 4363 1123 4432 purgatioris
1137 4378 1197 4415 esse
1210 4362 1354 4432 religionis¹

568 4461 612 4537 qni
633 4451 808 4515 dieuntzNoc
829 4454 1010 4518 simulacrum,
1027 4468 1075 4508 neo
1095 4452 1256 4506 demonium
1278 4453 1354 4520 enl0;

568 4551 614 4608 sed
624 4551 739 4622 etttgiem
747 4547 912 4616 corporalem
925 4545 982 4613 ejus
993 4545 1030 4598 rei
1040 4544 1142 4614 signnm
1156 4544 1355 4614 intueor,quam

568 4647 656 4702 colere
670 4644 765 4699 debeo.
778 4642 868 4709 traque
881 4640 1089 4711 interpretantur
1102 4636 1292 4702 steintunam
1304 4637 1356 4692 aliu

568 4737 658 4792 dicant
670 4725 813 4804 significari
826 4741 934 4796 terram,
943 4726 1014 4783 nirde
1025 4729 1152 4796 ternplum
1168 4729 1254 4783 solent
1267 4729 1357 4799 appel-

569 4829 624 4882 lare
636 4824 766 4886 Telluris;
783 4822 835 4874 alio
859 4836 950 4886 mare,
965 4819 1034 4874 sicut
1055 4818 1169 4888 Neptuni
1194 4820 1354 4886 simulacro;

568 4919 622 4974 alio
632 4931 733 4983 aerem,
749 4913 950 4978 sientlnnnuis,
964 4912 1017 4965 alio
1032 4912 1130 4982 ignem,
1146 4912 1214 4967 sieut
1228 4912 1354 4980 l'nlcaui;

568 4990 621 5068 alio
632 5010 781 5070 lucilerum.
794 5010 862 5073 sieut
871 5006 998 5072 Veneris3
1013 5005 1065 5060 alio
1076 5008 1171 5071 solem,
1186 5007 1238 5062 alio
1252 5008 1353 5075 lunam,

568 5093 681 5175 quorum
696 5100 846 5156 simulacris
864 5099 958 5155 eadem
974 5099 1082 5152 nomina
1095 5098 1163 5153 sieut
1176 5098 1291 5154 Telluris
1305 5101 1355 5153 im-

568 5205 688 5268 ponum3
703 5195 754 5248 alin
773 5192 857 5258 illud,
873 5192 925 5246 alio
940 5191 1004 5245 illud
1019 5191 1109 5255 sidus,
1125 5190 1166 5244 rel
1181 5188 1253 5242 illam
1268 5191 1310 5244 rel
1324 5191 1356 5244 il-

569 5291 621 5344 lam
635 5297 784 5343 ereaturam
798 5304 804 5337 :
821 5299 906 5353 oeque
918 5284 989 5338 euim
1004 5292 1098 5336 cuneta
1114 5297 1272 5336 enumerare
1284 5283 1355 5336 sulli-

567 5381 661 5436 eimus.
678 5378 715 5432 lle
738 5376 834 5447 quibus
858 5391 949 5429 rursus
971 5390 1031 5429 eum
1053 5373 1184 5443 exagitari
1207 5362 1353 5442 emperiut,

567 5473 637 5544 quud
653 5486 764 5539 corpora
778 5451 878 5534 eolan't,
892 5467 1059 5536 maximeque
1072 5477 1180 5530 terrain,
1193 5474 1220 5519 et
1230 5482 1314 5529 tnaro,
1328 5476 1355 5521 et

567 5580 666 5628 aerem,
683 5572 710 5616 et
724 5562 811 5630 iguem
824 5600 831 5621 ,
846 5574 958 5628 qnorum
972 5558 1049 5612 uobis
1063 5572 1126 5612 usus
1139 5557 1164 5610 in
1179 5568 1302 5628 promptu
1314 5567 1355 5612 cst

567 5658 646 5723 (nom
662 5653 696 5708 de
710 5649 865 5707 celestibus
878 5649 1001 5717 quoniam
1019 5657 1109 5700 nostru
1123 5664 1153 5701 ea
1166 5664 1279 5718 corpore
1291 5663 1355 5702 con·

568 5757 681 5801 tractare
695 5756 773 5814 atque
787 5743 959 5811 emttiugere,
975 5741 1024 5793 nisi
1046 5741 1182 5795 oeulm·um
1204 5742 1284 5795 radiis
1302 5759 1354 5795 nnn

569 5840 705 5903 valemus,
722 5854 774 5891 nou
798 5838 832 5890 ita
854 5835 1048 5901 erubescuuti;
1071 5835 1233 5903 respondere
1256 5837 1355 5890 audent

579 6030 583 6041 ‚
599 6009 607 6038 ¹
619 6013 655 6055 tr.
669 6015 694 6056 el
705 6013 770 6065 tun,
789 6010 814 6056 ln
830 6007 897 6066 rique
912 6005 993 6067 utiquo
1011 6007 1150 6068 fabrefacto,
1162 6015 1232 6069 utque
1243 6009 1355 6061 eminenti

568 6068 681 6119 callorum
690 6076 807 6130 suqqestrt.
825 6070 1020 6118 mrtotdamurad
1031 6075 1082 6116 ttss.

598 6134 608 6162 ¹
620 6127 712 6189 aliquot
724 6136 786 6186 ttss„
806 6128 982 6188 possidonium.

1203 674 1232 729 S.
1253 673 1433 730 sbodstm't
1454 673 1600 731 ttt‘tscbt‘t

2143 685 2212 739 lida

1424 805 1476 844 non
1499 805 1529 844 se
1551 791 1605 860 ipsa
1630 807 1738 861 corpora
1761 794 1865 860 colere,
1883 796 1929 850 sed
1946 814 2005 868 quau
2021 797 2072 853 illis
2087 802 2211 870 regendis

1423 880 1565 949 praesident
1578 881 1696 937 numina.
1713 883 1802 954 ltaque
1814 887 1932 955 Apostoli
1947 903 1997 942 rma
2012 893 2143 946 sementia
2156 908 2208 964 pte·

1423 989 1482 1026 uam
1498 973 1607 1029 istorum
1618 974 1867 1049 damnationemque
1878 990 2004 1037 testatur:
2019 984 2070 1053 Qui
2082 997 2213 1041 trrnmru-

1422 1072 1544 1128 torrrrmt,
1557 1065 1650 1136 iuquit,
1665 1069 1791 1123 veritatem
1805 1069 1853 1125 Dei
1867 1073 1892 1126 in
1905 1076 2073 1142 mendacium,
2088 1087 2111 1131 ec
2124 1079 2214 1134 ciriae·

1420 1166 1478 1208 runt
1492 1165 1514 1209 et
1527 1159 1662 1213 retulerunt
1675 1170 1812 1223 creatore,
1829 1166 1912 1231 potine
1931 1182 2007 1236 quom
2025 1166 2153 1234 Creatori,
2168 1173 2214 1240 qui

1419 1258 1456 1302 est
1469 1248 1609 1305 benedictos
1619 1253 1645 1305 in
1655 1253 1747 1306 seculo
1758 1252 1844 1325 (llum.
1858 1271 1877 1319 t,
1887 1256 1943 1328 95).
1955 1256 2020 1312 Nam
2033 1263 2120 1328 priore
2134 1274 2212 1332 parte

1420 1337 1500 1408 hujus
1514 1343 1664 1407 sententie,
1681 1345 1824 1403 simulacra
1838 1346 1986 1415 damnarit;
2003 1355 2151 1421 posteriore
2161 1372 2213 1410 uu-

1421 1441 1491 1496 tent,
1509 1434 1739 1504 interpretationes
1772 1441 1973 1497 simulacrorum
1987 1462 1993 1496 :
2009 1445 2109 1514 efligies
2134 1452 2211 1507 euim

1419 1538 1434 1577 a
1458 1523 1532 1579 irino
1552 1524 1634 1582 laetas
1656 1529 1813 1598 appellando
1834 1535 1984 1588 nominibus
2004 1553 2095 1593 earum
2117 1557 2210 1597 rernm

1419 1631 1485 1684 quas
1501 1614 1636 1672 fabricavit
1652 1619 1737 1687 lleus,
1753 1630 1929 1678 transmutant
1948 1627 2087 1684 veritatem
2111 1633 2158 1688 Dei
2181 1634 2209 1692 itt

1419 1705 1600 1773 ntendacium;
1618 1724 1661 1763 res
1673 1720 1760 1765 autem
1778 1712 1848 1780 ipsas
1860 1728 1909 1782 pru
1921 1715 1971 1769 diis
1986 1716 2106 1774 babendo
2119 1734 2147 1778 et
2161 1739 2209 1781 te·

1419 1797 1548 1862 uomodo,
1560 1801 1818 1859 serriuutereatnrae
1829 1806 1917 1875 potius
1928 1825 2006 1878 quam
2017 1810 2148 1883 Creatori,
2163 1818 2209 1887 qui

1417 1896 1458 1959 est
1472 1887 1625 1946 benedictus
1639 1892 1665 1947 iu
1679 1895 1787 1950 saecula.

1453 1978 1479 2033 5.
1495 1978 1561 2047 Quis
1574 1991 1662 2037 autem
1675 1983 1767 2041 adorat
1778 1986 1819 2042 rel
1830 1997 1889 2043 orat
1902 1988 2009 2046 intuens
2019 1992 2207 2066 simulacrum,

1417 2073 1461 2143 qni
1474 2089 1525 2129 non
1538 2075 1577 2131 sie
1589 2075 1713 2145 attritur,
1725 2087 1753 2134 ut
1765 2068 1800 2135 ab
1812 2096 1844 2137 eo
1857 2096 1887 2137 se
1898 2085 2018 2141 exaudiri
2032 2096 2116 2157 putet,
2128 2089 2166 2146 ab
2175 2107 2209 2147 eo

1417 2165 1466 2220 sibi
1486 2167 1606 2236 praestari
1621 2169 1690 2238 quod
1705 2170 1841 2227 desiderat
1854 2177 1960 2244 speret?
1979 2177 2069 2249 ltaque
2081 2180 2210 2240 homines

1418 2256 1513 2312 talibus
1527 2260 1761 2324 superstitionibus
1773 2263 1892 2333 obligati,
1904 2265 2060 2342 plerumque
2070 2272 2102 2326 ad
2115 2273 2207 2344 ipsum

1417 2345 1500 2400 solem
1514 2347 1623 2404 dorsum
1644 2360 1761 2420 ponunt,
1780 2369 1871 2423 prcees
1884 2355 1997 2413 fundunt
2008 2371 2102 2417 statua
2123 2380 2207 2435 quam

1415 2439 1498 2491 sutem
1511 2450 1622 2506 roeant;
1637 2450 1663 2498 ot
1676 2458 1735 2499 eum
1749 2446 1836 2501 souitu
1851 2449 1933 2506 maris
1947 2466 1962 2506 a
1976 2459 2049 2524 tergo
2064 2454 2206 2528 feriantur,

1415 2530 1529 2600 Neptuni
1554 2542 1666 2589 statuam
1688 2552 1767 2606 qnanr
1789 2555 1837 2611 pro
1850 2541 1908 2611 ipso
1924 2545 1989 2599 mari
2004 2547 2112 2616 colunt,
2127 2553 2207 2622 quasi

1415 2624 1573 2679 sentientem
1586 2627 1729 2697 gemitibus
1743 2627 1851 2686 ierinnt.
1870 2633 1927 2690 lloe
1940 2636 2011 2692 enim
2023 2636 2124 2697 iacitet
2135 2659 2208 2716 quo·

1417 2713 1557 2770 dammodo
1572 2727 1711 2790 extorquet
1725 2720 1768 2776 illa
1786 2722 1866 2794 figura
1882 2727 2077 2796 membrorum,
2096 2743 2127 2788 ut
2147 2736 2208 2790 ani-

1415 2821 1473 2860 mus
1497 2807 1587 2862 vivens
1610 2810 1636 2864 in
1658 2812 1780 2868 sensibus
1802 2818 1939 2885 eorporis,
1955 2822 2038 2889 magis
2059 2823 2208 2881 arbitretur

1414 2899 1512 2953 sentire
1533 2915 1630 2969 eorpus
1650 2903 1717 2972 quud
1740 2920 1789 2959 sno
1808 2909 1912 2977 eorpori
1935 2901 2096 2968 sinrillimnm
2111 2917 2206 2981 ridet,

1413 3005 1491 3059 quam
1503 2991 1644 3046 rotundum
1659 2994 1742 3049 solem
1758 2996 1895 3068 undasque
1905 2999 2023 3066 dillusas,
2033 3013 2061 3058 et
2073 3007 2207 3076 quidquid

1414 3096 1466 3134 nnn
1482 3081 1581 3136 eisdem
1598 3084 1766 3140 lineamentis
1780 3086 1922 3144 inrrttatum
1942 3095 2091 3163 conspicit,
2104 3096 2209 3166 quinos

1413 3174 1455 3228 illu
1468 3172 1578 3229 lonmua
1593 3186 1654 3230 suut
1668 3194 1727 3246 quae
1740 3180 1853 3235 virentia
1866 3183 1957 3240 ridere
1968 3186 2118 3242 consuevit.
2132 3186 2209 3245 Con-

1413 3274 1452 3318 tra
1468 3266 1536 3318 bone
1550 3266 1683 3333 alli-etum,
1696 3285 1748 3336 qtm
1762 3269 1876 3325 bumana
1892 3282 1917 3327 ot
1931 3276 2046 3330 earnalis
2061 3275 2208 3338 infirmitas

1412 3354 1489 3410 belle
1503 3358 1560 3424 oapi
1577 3367 1672 3425 potest,
1694 3367 1783 3413 cantat
1795 3360 1929 3431 Scriptura
1946 3364 1992 3420 liei
2008 3382 2050 3422 res
2062 3371 2142 3427 valde
2153 3390 2207 3428 no-

1413 3440 1545 3512 tissimas,
1569 3450 1670 3517 quibus,
1688 3465 1881 3508 commemoret
1904 3465 1931 3510 et
1955 3466 2080 3527 tauquam
2101 3455 2207 3520 ex‘eitet

1411 3551 1513 3593 tuentes
1525 3539 1660 3595 bominum
1673 3542 1698 3596 in
1712 3546 1903 3600 cottsuetudine
1913 3562 2054 3618 corporum
2064 3551 2207 3611 dormien-

1413 3639 1461 3683 tes.
1483 3631 1644 3696 Sitnulucro,
1661 3633 1761 3702 iuquit,
1779 3634 1895 3690 Gerttt'mn
1910 3650 2040 3709 orqentntrr
2054 3654 2078 3695 et
2096 3661 2205 3705 aanor.

1411 3719 1464 3774 Sed
1486 3722 1554 3776 [leus
1568 3722 1629 3776 lecit
1642 3737 1778 3794 argentum
1801 3738 1827 3781 et
1849 3744 1953 3782 aurunt.
1981 3729 2081 3801 Opera,
2098 3735 2202 3806 inquit,

1411 3828 1529 3864 nrnrnrnm
1544 3812 1673 3868 iroruiumn
1686 3832 1695 3868 .·
1710 3817 1759 3870 boe
1772 3818 1841 3871 euim
1856 3830 2016 3875 venerantur
2025 3824 2096 3892 quod
2109 3826 2161 3897 ipsi
2171 3845 2205 3884 ex

1409 3919 1475 3957 auro
1489 3916 1650 3975 argentoque
1664 3905 1794 3962 lecerunt.

1445 3994 1471 4049 6.
1487 3993 1539 4050 Sed
1554 3997 1665 4051 enimet
1680 4013 1728 4052 nos
1744 3999 1869 4070 pleraque
1893 4001 2069 4060 iustrumenta
2089 4017 2120 4062 et
2139 4024 2205 4065 rasa

1410 4102 1441 4140 ex
1462 4085 1612 4153 hujusmodi
1634 4089 1743 4143 materia
1757 4089 1799 4143 rel
1817 4092 1923 4149 ntetalln
1938 4092 2069 4150 babemus
2081 4097 2108 4151 in
2124 4114 2203 4156 usum

1410 4175 1628 4230 celebrandorum
1645 4188 1883 4247 sacramentorum,
1900 4197 1958 4251 quie
1977 4184 2034 4252 ipso
2050 4171 2204 4246 tnlttisterio

1410 4278 1564 4323 consecrata
1583 4278 1673 4324 saneta
1689 4269 1819 4336 dieantur,
1834 4272 1859 4326 in
1874 4271 1931 4341 ejus
1947 4273 2077 4332 bonorem
2088 4270 2142 4334 oui
2153 4296 2202 4351 pro

1409 4361 1493 4414 salute
1516 4371 1603 4415 nostra
1624 4359 1686 4415 iude
1707 4362 1839 4416 servitur:
1855 4371 1882 4418 et
1896 4374 1957 4418 sunt
1978 4366 2102 4436 prolecto
2122 4372 2202 4428 etiam

1410 4453 1458 4506 ista
1474 4452 1648 4507 instrumenta
1660 4453 1701 4508 rel
1715 4469 1787 4521 rasa,
1802 4455 1864 4525 qnid
1877 4456 1947 4512 aliud
1958 4475 2036 4529 qnam
2051 4476 2135 4531 opera
2146 4481 2203 4520 nta-

1410 4561 1489 4598 mnmr
1508 4545 1660 4599 bominum?
1671 4545 1857 4602 Verumtamen
1872 4551 1998 4621 numquid
2009 4569 2039 4608 os
2051 4556 2163 4620 babent.
2174 4569 2203 4617 et

1410 4653 1461 4689 nnn
1477 4637 1634 4704 loquentur?
1647 4638 1772 4707 numquid
1788 4640 1881 4694 ocnlns
1897 4641 2005 4709 babent,
2017 4654 2044 4699 ei
2055 4663 2109 4701 nou
2124 4649 2201 4706 ride·

1410 4728 1490 4782 bunt?
1505 4728 1629 4800 numquid
1649 4729 1688 4782 eis
1703 4730 1898 4800 supplicamns,
1914 4739 1974 4803 quia
1991 4751 2037 4805 per
2050 4754 2079 4794 ea
2095 4745 2201 4813 suppli-

1409 4835 1500 4873 camus
1515 4821 1585 4875 beni
1599 4819 1644 4873 llla
1656 4821 1770 4876 manime
1781 4838 1859 4878 causa
1872 4834 1913 4878 est
1927 4825 2069 4895 impietatis
2084 4832 2201 4901 insanae,

1410 4914 1478 4984 quod
1493 4914 1552 4984 plus
1567 4914 1638 4969 valet
1653 4915 1679 4969 iu
1693 4915 1830 4973 affectibus
1843 4919 2002 4976 miserorum
2015 4924 2117 4981 virenti
2131 4930 2200 4984 simi
2218 4961 2222 4970 -

1410 5004 1441 5058 lis
1456 5005 1537 5058 locuta
1553 5019 1611 5074 quae
1626 5005 1674 5058 sibi
1689 5005 1770 5060 eilteit
1784 5007 1937 5077 supplicari,
1953 5026 2032 5080 quam
2048 5017 2121 5083 quod
2140 5034 2199 5074 eam

1410 5094 1576 5149 manilestum
1587 5106 1627 5149 est
1638 5111 1691 5149 nou
1701 5111 1761 5151 esse
1769 5097 1910 5164 uirentem,
1922 5108 1950 5153 ut
1960 5101 2080 5158 debeata
2090 5107 2200 5165 virente

1408 5187 1551 5242 contemni.
1573 5187 1635 5242 Plus
1647 5189 1718 5242 enim
1732 5190 1820 5244 nalem
1832 5192 1973 5248 simulacra
1987 5196 2019 5249 ad
2034 5201 2200 5256 curvandam
2238 5237 2242 5243 ·

1409 5279 1541 5333 iob-licem
1564 5279 1680 5333 animam
1704 5281 1774 5349 qnod
1796 5296 1826 5336 os
1841 5283 1956 5350 babent,
1972 5287 2063 5342 oeulos
2078 5288 2199 5358 habeut,

1408 5385 1487 5425 aures
1499 5370 1606 5433 habent,
1620 5386 1697 5425 torres
1708 5370 1817 5438 babent,
1829 5389 1923 5427 tnauus
1935 5375 2042 5443 babent,
2054 5380 2140 5447 pedes
2152 5381 2196 5435 lta·

1410 5462 1480 5527 bont,
1495 5478 1573 5532 quam
1585 5463 1616 5515 ad
1629 5462 1812 5532 corrigendam
1824 5466 1894 5534 quud
1909 5484 1961 5521 non
1975 5468 2132 5539 loquentur,
2145 5490 2196 5530 nott

1410 5556 1551 5620 ridebunt,
1567 5573 1619 5610 nou
1633 5556 1757 5623 audiunt,
1774 5573 1826 5612 uun
1833 5559 2002 5630 odorabunt,
2022 5578 2076 5619 uon
2089 5578 2197 5624 eentre·

1408 5646 1526 5712 ctabnnt,
1542 5662 1593 5701 nou
1607 5647 1788 5702 ambulabunt.
1813 5693 1818 5701 .

1445 5740 1470 5792 t.
1493 5737 1566 5810 [rurs.
1579 5735 1618 5808 8.]
1642 5737 1731 5808 ltaque
1747 5742 1867 5810 sequitur
1887 5752 1916 5797 nt
1939 5743 2001 5797 tttoo
2025 5728 2133 5815 quoque
2154 5748 2194 5804 stat

1408 5831 1477 5898 qnod
1492 5830 1571 5883 etiam
1586 5830 1611 5882 io
1624 5830 1672 5884 boe
1684 5831 1787 5900 psalmo
1800 5836 1934 5904 sequitur;
1949 5847 1977 5888 ut
1990 5838 2104 5906 scilicet,
2120 5840 2194 5895 Simi

1409 5923 1443 5973 lca
1457 5920 1508 5973 iliis
1525 5921 1587 5988 fiurrt
1603 5937 1687 5975 ootnes
1701 5925 1743 5990 qni
1759 5925 1855 5994 socient
1867 5943 1912 5989 eo,
1927 5938 1950 5980 et
1965 5945 2049 5988 onmes
2061 5933 2105 5998 qui
2116 5933 2197 5999 eonp-

1409 6013 1470 6062 dunt
1489 6012 1515 6062 in
1539 6011 1582 6063 eis.
1599 6010 1707 6064 l'irleant
1722 6029 1784 6082 ergo
1803 6014 1845 6068 isti
1858 6018 1958 6085 apertis
1973 6027 1999 6073 et
2019 6020 2196 6078 sentientibus

1410 6102 1511 6169 ocrtlis,
1526 6112 1549 6157 et
1567 6101 1677 6158 adorent
1691 6105 1788 6160 clausis
1800 6115 1827 6161 ct
1842 6109 1952 6166 mortuis
1973 6114 2128 6183 mentibus,
2146 6109 2196 6171 ne‘c
