5400 7059
530 796 601 854 teas

529 919 589 967 tom
604 911 657 966 sint
670 923 683 962 a
698 899 940 963 contradicentibus
958 904 985 952 et
1006 890 1227 967 persequentibus
1239 929 1246 952 ,
1259 902 1321 942 com

529 1002 609 1057 luerit
632 997 818 1069 pronuntiator
841 990 1008 1061 eloquiorum
1033 985 1081 1040 bei
1098 1002 1105 1039 ι
1122 989 1230 1054 propter
1254 976 1326 1048 quod

504 1154 507 1159 ,
531 1091 651 1163 adiunxit
663 1130 670 1153 ,
683 1088 744 1155 Fiat
759 1101 848 1140 oromrs
868 1093 910 1138 trm
922 1124 930 1148 ,
942 1091 968 1135 ot
986 1080 1084 1134 solerem
1103 1092 1143 1131 ore
1156 1075 1233 1145 sorim
1244 1087 1253 1137 ς
1266 1071 1327 1141 quia

531 1181 651 1238 mamam
673 1189 716 1233 too
733 1177 806 1248 eleqi.
819 1173 854 1231 llt
876 1189 929 1228 ooo
951 1172 1073 1226 timerem
1085 1207 1093 1233 ,
1107 1181 1157 1221 nce
1170 1165 1257 1220 solum
1279 1176 1328 1217 cor

531 1288 620 1330 orcum
632 1277 735 1325 teneret
745 1269 765 1332 ¹,
779 1266 826 1322 sed
837 1266 925 1336 linqua
936 1261 1015 1318 etiam
1028 1257 1213 1330 pronuntiaret
1223 1251 1328 1322 eloquia

533 1371 588 1426 toa;
604 1360 724 1414 masidam
737 1368 780 1412 too
794 1357 868 1427 slepi,
882 1355 1058 1422 timoremque
1069 1363 1161 1405 amore
1169 1343 1324 1415 compressi.

535 1455 595 1512 Fiat
607 1466 672 1524 erpo
692 1464 785 1505 manns
798 1458 860 1515 tna,
873 1454 902 1501 ot
922 1444 1024 1499 salvum
1038 1456 1081 1496 me
1098 1439 1132 1495 de
1146 1453 1226 1492 mano
1248 1434 1328 1490 iacias

534 1547 631 1602 aliena.
646 1539 691 1599 Sic
702 1551 790 1595 autem
801 1539 871 1594 Deus
881 1535 969 1590 salros
984 1541 1115 1602 martyres
1128 1528 1201 1595 lecit,
1212 1538 1330 1582 cameos

534 1637 563 1692 in
576 1635 663 1690 anima
677 1647 730 1688 non
744 1629 864 1701 permisit
874 1624 957 1682 occidi
974 1643 980 1679 :
994 1620 1208 1678 namsecoodunr
1221 1632 1329 1674 carnem

535 1741 604 1782 rana
615 1724 687 1780 salus
700 1720 815 1776 bominis
826 1717 910 1790 (Psoi.
922 1732 976 1781 arx,
989 1713 1139 1780 lebPotcst
1149 1719 1176 1766 et
1185 1710 1224 1766 sic
1234 1707 1329 1777 accipi,

537 1820 598 1875 Fiat
617 1831 708 1870 arraona
719 1824 780 1881 too,
794 1820 823 1866 ot
836 1823 930 1865 mantas
946 1807 992 1862 llei
1008 1804 1131 1860 Christus
1147 1799 1328 1870 intelligatur3

534 1909 610 1980 juxta
624 1905 687 1961 illud
704 1903 787 1969 isaim,
798 1901 830 1956 Et
843 1899 971 1955 brocbium
983 1895 1085 1950 boorioi
1097 1893 1138 1948 coi
1150 1892 1284 1946 revelatam
1293 1899 1331 1943 ert

538 1998 614 2070 (lsai.
630 2013 692 2062 tarr,
707 1996 751 2067 ill
761 1994 817 2049 Non
833 1992 904 2048 enim
918 1998 975 2046 erat
989 1988 1074 2043 bretos
1088 1984 1256 2055 Unigenitus,
1269 1997 1330 2037 com

537 2105 587 2161 per
601 2105 662 2145 eom
683 2089 750 2142 laeta
762 2087 817 2141 sint
829 2084 916 2139 omnia
931 2080 1019 2153 (loro.
1032 2096 1051 2144 r,
1067 2077 1095 2149 3)
1109 2095 1118 2145 ς
1130 2076 1178 2133 scd
1192 2075 1276 2131 lacors
1291 2082 1333 2129 est

538 2197 570 2236 ex
585 2180 686 2235 semino
700 2176 782 2234 David
793 2174 882 2247 (llam
895 2188 903 2228 ι
916 2214 923 2240 ,
937 2171 965 2243 5)
980 2212 987 2238 ,
1002 2178 1031 2224 ut
1049 2177 1121 2225 esset
1140 2166 1235 2230 iesus,
1250 2165 1333 2220 idest

539 2270 671 2335 Salvator,
685 2270 729 2340 qni
741 2269 796 2338 jam
811 2276 868 2322 crat
882 2265 1003 2320 Creator.
1015 2261 1068 2318 Sed
1082 2274 1142 2315 curn
1156 2257 1286 2314 familiare
1298 2256 1333 2310 sit

538 2363 700 2431 Scripturas,
713 2359 775 2414 Fiet
790 2374 881 2413 morou
894 2365 959 2420 ωας
981 2362 1025 2414 ct,
1042 2352 1120 2407 Facto
1129 2361 1165 2407 est
1176 2367 1266 2405 orarios
1278 2347 1333 2404 bo·

538 2454 602 2508 mini
616 2452 721 2524 (bacola.
735 2466 754 2516 r,
765 2449 792 2515 3,
804 2448 864 2518 etc.)
878 2465 885 2500 :
898 2446 986 2501 nescio
997 2456 1085 2500 utrum
1095 2442 1178 2514 possit
1186 2442 1228 2496 bic
1238 2454 1334 2497 sensus

539 2545 567 2601 io
581 2545 621 2601 cis
635 2543 698 2599 loeis
708 2540 830 2597 omnibus
844 2538 969 2596 obtineri.
980 2538 1049 2594 Sane
1066 2537 1109 2592 ubi
1126 2536 1248 2591 audimus
1262 2532 1334 2607 quod

540 2634 671 2706 seqnitur,
687 2630 825 2702 Concupivi
837 2630 950 2686 rolrrtore
963 2639 1044 2695 trroro,
1058 2627 1177 2693 Borrine·
1188 2628 1268 2682 etiam
1284 2641 1334 2681 no·

541 2727 656 2784 lentibus
670 2726 793 2781 omnibus
805 2724 929 2790 inimicis,
940 2723 1056 2778 salotare
1069 2721 1116 2776 bei
1127 2721 1204 2777 nobis
1213 2719 1335 2776 cbristus

541 2819 769 2890 occurrat:ipsnnr
780 2832 809 2872 se
818 2815 977 2886 concupisse
984 2813 1047 2884 justi
1055 2811 1157 2883 antiqui
1166 2811 1334 2867 veracissime

541 2913 723 2977 cantitentur,
738 2910 823 2981 ipsum
843 2907 995 2978 concupivit
1009 2906 1126 2962 Ecclesia
1146 2914 1288 2961 uenturum
1300 2903 1336 2960 de

542 3003 691 3060 uisceribns
705 3002 808 3067 aratris,
824 3001 911 3070 ipsum
924 2998 1091 3068 concupiscit
1105 2997 1224 3052 Ecclesia
1239 3002 1335 3051 ventat·

542 3112 602 3152 rom
616 3111 629 3148 a
642 3095 753 3149 dextera
767 3092 862 3147 Patris.
873 3089 1047 3160 subjungitur
1056 3097 1143 3143 antem
1158 3086 1219 3141 lroic
1229 3094 1337 3141 scoten-

544 3188 603 3254 tim,
620 3186 650 3240 b't
662 3187 704 3240 lca
722 3196 765 3238 too
779 3182 908 3238 orcditotio
926 3198 982 3235 roco
996 3189 1032 3235 cst
1048 3195 1058 3234 :
1073 3178 1135 3249 quia
1155 3177 1197 3233 les
1216 3176 1338 3245 perbibet

543 3278 723 3336 testimoninm
738 3274 853 3331 cbristo.

579 3369 606 3424 6.
627 3368 702 3440 loerr.
719 3365 792 3437 tls]
811 3364 863 3421 Sed
877 3365 902 3418 in
918 3361 967 3418 bac
978 3361 1039 3428 bde,
1050 3376 1111 3416 eum
1125 3358 1206 3414 corde
1221 3357 1339 3414 creditur

543 3457 577 3512 orl
603 3457 741 3528 iustitiam,
770 3460 817 3510 mc
842 3465 931 3509 antem
951 3450 1084 3507 coolcssio
1112 3449 1143 3505 fit
1166 3448 1199 3503 ad
1226 3449 1338 3504 salutent

545 3551 633 3624 (lloro.
657 3565 686 3615 x,
710 3550 772 3619 lb),
795 3546 910 3604 beorant
932 3554 1036 3615 gentes,
1064 3542 1155 3612 populi
1177 3541 1340 3596 meditentur

546 3643 634 3697 inania
646 3639 731 3712 ll'sol.
744 3656 773 3706 o,
788 3637 828 3707 l),
840 3637 977 3692 occidatur
992 3642 1065 3689 certe
1086 3647 1150 3689 caro
1163 3632 1227 3686 dum
1241 3629 1338 3699 pradi-

547 3742 590 3788 eat
606 3741 650 3787 te:
672 3731 739 3784 Vioct
758 3729 844 3782 corioro
863 3744 928 3791 orco,
944 3735 967 3780 ct
980 3723 1093 3779 laudabit
1106 3732 1139 3786 te,
1153 3730 1177 3776 ct
1185 3722 1284 3792 jndicio
1294 3733 1341 3774 tuo

547 3822 702 3895 orljoonboot
716 3837 764 3874 roe.
779 3820 881 3875 indicia
904 3818 1001 3888 qnippe
1016 3816 1060 3871 illa
1078 3824 1149 3881 sunt,
1162 3829 1222 3884 quae
1236 3823 1340 3883 tempos

547 3923 606 3971 erat
618 3923 646 3969 ut
661 3914 809 3983 inciperent
822 3928 837 3967 a
850 3911 930 3967 donno
942 3908 1045 3964 bomini
1055 3908 1077 3980 (l
1088 3907 1157 3962 Petr.
1169 3923 1205 3973 ts,
1219 3907 1272 3978 li).
1286 3906 1340 3962 Sed

547 4007 702 4080 odjrrooboot
720 4023 768 4063 ore.
786 4005 880 4074 ioqoit.
900 4003 933 4058 Et
953 4003 1013 4073 quis
1036 4017 1088 4057 ooo
1108 3998 1196 4056 ritleat
1213 4006 1341 4070 quantum

547 4101 679 4171 arljurcrit
692 4098 840 4154 Ecclesiam
852 4097 960 4167 sangnis
976 4093 1123 4150 Eeelcsbul
1136 4102 1233 4164 quanta
1246 4107 1282 4148 ex
1297 4091 1342 4146 illa

548 4203 668 4249 sorbente
682 4207 758 4263 seges
773 4199 828 4246 toto
841 4190 907 4245 orbe
918 4187 1078 4243 surrexerit?

585 4289 610 4342 7.
632 4287 708 4359 [ocra.
724 4282 798 4356 lim]
818 4282 966 4337 Novissime
978 4293 1087 4350 prorsus
1099 4280 1184 4347 aperit
1195 4292 1235 4340 se,
1247 4285 1275 4331 ct
1283 4290 1343 4346 qoae

549 4394 663 4450 persona
687 4393 734 4448 per
758 4385 842 4431 totum
867 4374 1002 4429 Psalnnnor
1027 4369 1194 4439 loquebatur,
1215 4365 1341 4422 ostendit.

550 4471 652 4538 lirrooi,
669 4469 764 4538 inquit,
779 4469 844 4521 sicot
861 4465 913 4519 onia
927 4462 1025 4533 perdito
1034 4477 1043 4525 ,·
1054 4475 1137 4532 quaere
1148 4474 1246 4512 sonum
1259 4467 1341 4524 tuom,

550 4563 609 4632 qnia
626 4560 746 4615 arraodoto
759 4569 801 4612 too
822 4573 871 4611 rroo
885 4572 941 4610 rom
961 4553 1063 4608 oblitos.
1087 4549 1214 4606 Nonnulli
1235 4549 1353 4604 codices-

550 4670 604 4710 rmn
623 4653 722 4709 babent
742 4665 836 4720 quiere,
860 4647 907 4703 sed
926 4647 1034 4714 oioipico.
1052 4643 1107 4700 Una
1122 4643 1220 4713 quippe
1243 4640 1343 4713 syllaba

551 4747 673 4812 interest,
684 4758 735 4814 quo
747 4743 815 4796 inter
824 4754 854 4794 se
863 4741 889 4792 ia
901 4752 988 4809 qraeco
994 4736 1095 4792 distant
1106 4740 1175 4800 gorea
1187 4742 1215 4788 et
1227 4739 1343 4799 torosos:

552 4835 623 4891 urrde
645 4842 673 4889 et
694 4833 743 4903 ipsi
768 4831 873 4887 codices
891 4829 972 4898 graeei
996 4826 1111 4880 mariam.
1133 4825 1186 4879 Sed
1208 4823 1346 4893 quodlibet

553 4925 648 4980 borum
666 4924 711 4988 sit,
732 4922 790 4976 oris
801 4919 902 4990 perdita
917 4926 1061 4987 quaeratur,
1076 4914 1134 4968 oris
1145 4913 1247 4983 perdita
1260 4913 1346 4969 vivill-

552 5026 638 5081 eotor,
654 5023 762 5085 propter
775 5027 854 5082 qoam
868 5019 958 5079 pastor
967 5007 1025 5077 ajars
1041 5006 1182 5076 nonagiom
1197 5021 1292 5060 novem
1303 5005 1345 5060 di·

552 5107 625 5161 arrisit
638 5106 664 5159 in
684 5102 826 5165 omoribos,
842 5110 869 5154 et
879 5113 938 5154 earn
952 5110 1075 5167 quaerens
1090 5094 1344 5166 (Meuianum),

552 5187 669 5253 lodoicis
683 5193 814 5248 baccratos
826 5199 868 5246 est
881 5187 1017 5258 vepribus.
1037 5185 1089 5242 Sed
1103 5182 1190 5240 adbuc
1203 5185 1344 5255 quaritur,

553 5288 642 5342 adbuc
658 5292 803 5355 queratur,
825 5296 859 5337 ex
878 5289 954 5351 parte
973 5279 1081 5333 inventa
1102 5274 1189 5330 adbuc
1200 5282 1345 5345 qoaemtnr.

554 5378 593 5435 Ex
607 5394 637 5433 ea
654 5389 768 5444 namque
783 5382 868 5443 parte,
883 5386 935 5442 qua
949 5369 1013 5424 dicit
1025 5369 1085 5432 iste,
1100 5365 1225 5420 Mandata
1238 5375 1283 5419 tuo
1296 5382 1347 5420 ooo

554 5486 609 5523 rom
621 5467 725 5531 oblitos,
740 5465 846 5519 imerrta
861 5472 916 5527 cst·,
929 5459 977 5516 scd
992 5475 1039 5529 per
1051 5457 1154 5528 eosqui
1165 5456 1288 5511 mandata
1300 5455 1347 5510 ilci

553 5561 666 5628 eligunt,
686 5556 843 5626 eolliqont¹,
857 5552 978 5623 diliguat,
1000 5550 1086 5605 adbuc
1099 5549 1237 5620 quartem,
1259 5555 1287 5602 et
1300 5563 1348 5618 per

554 5653 595 5708 soi
620 5651 735 5722 pastoris
751 5647 909 5718 sangninem
932 5642 1018 5697 lusam
1040 5652 1119 5711 atqoe
1138 5638 1301 5710 dispersum,
1321 5639 1348 5694 io

556 5745 681 5801 omoilms
694 5741 816 5813 pentibus
831 5736 975 5794 inuenitur.

590 5838 618 5893 8.
637 5837 673 5894 br
685 5835 770 5906 potui,
783 5840 934 5903 qoantoma
951 5826 1063 5881 berolino
1077 5824 1185 5894 adjutus
1195 5836 1266 5886 snm,
1278 5818 1349 5891 psal·

555 5943 628 5982 toron
651 5927 730 5982 istum
753 5937 877 5995 maqnom
899 5917 1055 5990 praetractari
1077 5923 1105 5972 ct
1130 5913 1251 5984 exposui.
1272 5910 1349 5980 Quod

589 6041 607 6072 ¹
611 6043 648 6089 ste
659 6048 708 6092 nm
724 6046 750 6090 et
761 6046 815 6088 uss.
828 6039 848 6088 si
861 6047 949 6100 praums
961 6033 1077 6095 excipias,
1095 6031 1136 6094 qul
1148 6029 1248 6090 babent,
1261 6040 1304 6078 nec
1312 6040 1350 6079 so·

556 6101 607 6155 iton
618 6113 660 6152 ror
671 6113 805 6150 nwrrmooo
816 6099 918 6151 timeret.
930 6104 957 6146 at
965 6101 1001 6144 ur.
1016 6100 1114 6152 eruor,
1126 6104 1170 6142 noc
1178 6065 1254 6143 solum
1266 6102 1296 6141 oe
1306 6101 1349 6140 cor

555 6175 636 6217 otcrror
647 6161 748 6211 nosmet.

588 6228 599 6259 ¹
612 6223 725 6285 seriarum
736 6221 860 6286 colbproo,
869 6219 940 6269 abest
950 6230 965 6268 a
976 6216 1085 6282 ιΙειίΙκιε
1094 6222 1148 6265 bss.

1150 774 1178 830 S.
1199 763 1383 828 accusetur
1402 762 1555 823 belsebul

2100 754 2175 816 tane

1378 883 1498 955 prolecto
1518 882 1614 938 melios
1634 882 1808 953 sapientiores
1828 883 2016 958 doctioresque
2035 887 2170 957 lecenrrrt,

1379 975 1436 1030 sire
1448 973 1542 1029 iactari
1556 982 1636 1040 sunt;
1652 989 1701 1030 nec
1715 976 1776 1032 ideo
1794 986 1882 1033 tamen
1895 979 1920 1033 ei
1938 989 2061 1035 nostram
2074 981 2173 1039 demae

1379 1064 1470 1122 debuit
1491 1065 1678 1132 ministerium,
1703 1068 1817 1123 maxime
1832 1068 1857 1123 id
1877 1068 1912 1125 de
1932 1085 1976 1126 me
1990 1072 2173 1142 flagitantibus

1380 1156 1517 1223 iratribus,
1532 1157 1627 1228 quibos
1638 1174 1698 1214 som
1719 1159 1823 1215 debitor
1839 1160 1918 1231 bujos
1930 1163 2020 1220 ollicii.
2033 1166 2111 1236 erod
2127 1185 2174 1224 an·

1380 1256 1433 1303 tem
1449 1248 1482 1303 de
1496 1248 1637 1319 alphabeto
1653 1247 1770 1316 hebraeo,
1789 1251 1833 1306 ubi
1852 1254 1940 1308 octoni
1953 1270 2047 1312 versos
2061 1259 2174 1329 singolis

1380 1337 1520 1408 subjacent
1529 1339 1635 1405 litteris,
1650 1349 1730 1411 atquc
1740 1341 1776 1396 ita
1787 1342 1908 1399 Psalmus
1924 1352 1994 1402 totus
2006 1352 2173 1420 contexitur,

1381 1431 1447 1486 nibil
1467 1432 1533 1499 dixi,
1555 1448 1607 1487 non
1631 1433 1666 1488 sit
1682 1434 1789 1502 mirum,
1814 1438 1938 1506 qnoniam
1959 1439 2024 1495 nibil
2045 1443 2118 1513 quod
2140 1444 2174 1499 ad

1381 1523 1461 1579 istum
1476 1525 1582 1595 proprie
1600 1527 1744 1595 pertineret
1764 1528 1851 1584 inrcni
1866 1548 1873 1585 :
1888 1546 1942 1586 ooo
1956 1534 2026 1588 enim
2039 1534 2114 1589 solos
2126 1534 2176 1591 ba-

1381 1616 1430 1703 bet
1439 1615 1486 1671 bas
1499 1617 1611 1672 litteras.
1628 1617 1695 1674 lllud
1709 1634 1775 1674 sanc
1787 1621 1872 1676 sciant
1886 1622 1931 1692 qni
1945 1622 1995 1679 boc
2008 1625 2034 1679 in
2047 1641 2135 1697 graeca
2148 1635 2177 1685 et

1383 1706 1464 1762 latina
1478 1709 1619 1778 scriptura,
1632 1710 1757 1780 quoniam
1773 1726 1825 1767 oon
1841 1712 1895 1768 illic
1914 1723 2048 1770 servatum
2068 1727 2121 1784 est,
2135 1717 2177 1774 in-

1382 1798 1474 1854 reoirc
1489 1813 1541 1852 ooo
1556 1809 1675 1868 possunt,
1691 1816 1785 1856 omnes
1796 1813 1908 1858 octonos
1918 1782 2011 1860 versus
2025 1807 2052 1860 in
2069 1806 2178 1864 bebrai·

1383 1887 1422 1943 cis
1434 1888 1571 1944 codicibus
1582 1890 1617 1945 ab
1627 1905 1658 1945 ea
1673 1906 1733 1961 quar
1748 1892 1800 1947 illis
1812 1894 1984 1966 proponitur,
2004 1896 2093 1954 littera
2107 1898 2178 1955 inei-

1383 1995 1464 2050 pero;
1485 1982 1553 2036 sicot
1568 1983 1644 2038 nobis
1658 1984 1693 2038 ab
1713 1984 1811 2056 eisqui
1827 1986 1884 2042 illas
1906 1999 2038 2045 noverunt
2060 1991 2177 2060 litteras,

1384 2071 1528 2127 indicatum
1550 2081 1602 2128 cst.
1625 2073 1701 2142 Quod
1725 2075 1809 2132 multo
1831 2077 1983 2148 diligentius
2004 2080 2102 2137 ererum
2122 2092 2178 2150 est,

1384 2176 1463 2231 qoam
1483 2163 1567 2218 nostri
1581 2164 1624 2219 sel
1638 2165 1719 2222 latine
1740 2166 1782 2222 rel
1803 2168 1909 2237 punice,
1923 2185 1990 2240 quos
2003 2171 2180 2231 abecedarios

1384 2265 1481 2311 norant
1507 2257 1641 2326 psalmos,
1669 2257 1758 2315 lacere
1783 2272 1992 2318 consueverunt.
2018 2264 2077 2321 Non
2106 2266 2180 2324 enim

1384 2362 1478 2402 oriones
1499 2362 1591 2403 versus
1610 2348 1695 2404 donce
1714 2350 1854 2407 claudatur
1873 2353 2009 2424 periodus,
2033 2357 2081 2413 scd
2106 2360 2182 2415 solos

1385 2439 1486 2509 primos
1500 2441 1534 2495 ab
1545 2440 1639 2496 eadem
1653 2441 1740 2498 littera
1753 2443 1895 2515 incipiunt,
1914 2462 1993 2517 qoam
2009 2460 2180 2520 proponunt.

1603 2649 1644 2709 IN
1665 2649 1854 2713 estuabat
1871 2653 1974 2715 cxlx

1688 2770 1898 2828 anabusne.

1661 2902 1748 2944 suaso
1761 2908 1794 2945 ab
1808 2907 1919 2946 Possunt.

1424 3001 1451 3055 l.
1471 2999 1547 3075 [cers.
1568 3001 1606 3074 l.]
1627 3000 1718 3058 Brevis
1740 3002 1859 3060 Psabnus
1877 3014 1929 3072 cst,
1955 3015 1983 3060 et
1998 3006 2075 3062 valde
2096 3007 2184 3076 utilis,

1389 3109 1468 3163 quom
1482 3093 1562 3148 modo
1576 3094 1651 3149 nobis
1672 3103 1807 3149 canotum
1827 3095 1986 3164 audirimus,
2006 3107 2034 3153 et
2045 3098 2186 3157 cantando

1389 3185 1587 3254 respondimus.
1610 3185 1667 3241 Non
1682 3184 1728 3240 dio
1749 3185 1903 3243 laborabitis
1923 3187 1949 3243 in
1973 3188 2118 3254 audiendo,
2135 3205 2187 3246 nec

1391 3277 1555 3332 intruetnose
1569 3276 1722 3331 laborabitis
1736 3277 1762 3331 in
1776 3276 1922 3345 operando.
1947 3277 1994 3332 Est
2015 3279 2100 3347 enim,
2115 3280 2187 3337 sicut

1390 3369 1448 3437 cios
1468 3367 1561 3422 titulus
1585 3374 1758 3437 praenotatio,
1780 3366 1910 3421 Canticum
1932 3368 2068 3438 proclamo.
2091 3370 2187 3427 Graec

1391 3460 1518 3528 scripturo
1539 3466 1590 3523 est,
1609 3461 1757 3526 inerepas.
1778 3458 1882 3514 Gradus
1900 3461 1941 3514 rel
1961 3460 2187 3519 descendentium

1392 3543 1505 3605 stortael
1526 3548 1727 3605 ascendentium
1744 3567 1751 3605 ι
1771 3549 1818 3604 sed
1834 3549 1932 3620 grados
1950 3551 2086 3620 quomodo
2101 3552 2128 3608 io
2144 3553 2188 3610 bis

1392 3640 1503 3712 psalmis
1517 3639 1594 3710 positi
1609 3647 1681 3705 suot,
1693 3637 1868 3694 ascendentes
1878 3639 2036 3709 significant.
2050 3640 2190 3715 intelliga-

1393 3747 1454 3787 mus
1468 3744 1532 3802 crgo
1550 3741 1674 3800 tanquam
1692 3730 1848 3784 ascensuri:
1863 3747 1912 3786 nec
1925 3731 2099 3787 ascensiones
2113 3733 2190 3804 [reoli-

1393 3824 1444 3878 bos
1456 3822 1641 3894 corporalibus
1653 3836 1813 3892 qrraoranms,
1829 3822 1875 3879 sed
1889 3823 1959 3879 sieut
1972 3823 1997 3878 in
2015 3824 2069 3878 alio
2083 3825 2190 3894 psalmo

1394 3915 1521 3984 scriptum
1541 3923 1592 3982 est,
1610 3931 1619 3964 r
1634 3914 1813 3969 ascensiones
1831 3914 1857 3968 io
1875 3914 1956 3969 corde
1969 3914 2027 3985 ojos
2043 3914 2188 3986 disposuit,

1395 4007 1420 4062 io
1440 4007 1560 4061 convalle
1583 4004 1749 4077 plorationis,
1772 4006 1799 4060 ln
1819 4007 1906 4061 loeom
1926 4022 2005 4076 quent
2025 4007 2188 4078 disposuit»

1394 4098 1481 4170 (Prot.
1495 4112 1607 4161 utxxrtr,
1622 4097 1639 4153 6
1653 4107 1676 4152 rt
1691 4099 1729 4168 i).
1745 4097 1814 4152 [lixit
1831 4098 2036 4163 ‹ascensiones;
2051 4118 2061 4150 r
2079 4099 2146 4153 obii
2161 4097 2189 4154 ld

1395 4199 1447 4257 est,
1462 4209 1472 4242 r
1488 4189 1514 4244 in
1525 4188 1616 4244 corde.
1632 4187 1748 4245 »Undel
1758 4189 1799 4242 Ar
1813 4188 1935 4243 convalle
1949 4188 2117 4257 plorationis.
2133 4205 2144 4240 r
2156 4186 2190 4245 111

1393 4283 1447 4353 jam
1460 4299 1514 4353 quo
1527 4281 1696 4346 ascendatur,
1708 4288 1833 4348 tarrqoann
1843 4281 1933 4337 delicit
1943 4296 2032 4335 scroto
2043 4280 2189 4351 bomanus,

1395 4389 1446 4429 nee
1469 4375 1595 4444 explicari
1623 4381 1728 4443 potest,
1754 4371 1822 4426 lorte
1847 4388 1896 4427 oce
1919 4373 2041 4443 eogitari.
2068 4371 2191 4429 oootstlr

1396 4468 1488 4532 niodo,
1503 4481 1564 4520 cum
1578 4466 1721 4536 Apostolus
1742 4463 1887 4534 legeretor,
1906 4481 1915 4514 r
1930 4463 2005 4532 Quod
2025 4463 2121 4518 ceorlus
2136 4476 2190 4519 nou

1395 4557 1472 4618 volit,
1484 4572 1533 4611 nce
1545 4555 1616 4609 auris
1632 4554 1741 4620 aodioit,
1755 4571 1803 4609 occ
1816 4555 1842 4608 io
1857 4570 1903 4608 eor
1918 4554 2032 4609 bominis
2042 4553 2185 4609 aseendit»

1397 4648 1419 4718 (l
1430 4644 1489 4704 Gor.
1503 4664 1531 4714 o,
1545 4645 1584 4718 b).
1598 4666 1608 4699 r
1623 4646 1650 4701 ln
1661 4660 1708 4701 cor
1718 4646 1832 4701 lrorrriois
1843 4662 1894 4702 non
1908 4646 2042 4710 ascendit;
2056 4665 2066 4697 r
2080 4661 2129 4702 cor
2142 4644 2191 4702 bo·

1397 4742 1477 4797 minis
1496 4741 1559 4795 illoc
1578 4739 1714 4795 ascendat.
1736 4739 1806 4809 Ergo
1820 4741 1880 4808 qula
1899 4739 2016 4794 «oculos
2037 4753 2090 4792 tlon
2111 4737 2191 4806 uidit,

1396 4846 1447 4887 nec
1458 4831 1529 4885 auris
1541 4829 1652 4896 audiuit,
1664 4844 1714 4885 nec
1726 4829 1752 4882 io
1765 4843 1812 4883 cnr
1822 4828 1936 4883 bominis
1947 4827 2065 4883 ascendit
2076 4845 2083 4890 ;
2096 4846 2106 4880 r
2124 4842 2194 4898 quo-

1398 4921 1479 4976 modo
1500 4920 1553 4976 dici
1568 4927 1659 4990 posset
1674 4933 1727 4989 quo
1744 4919 1939 4974 ascendendum
1963 4919 2022 4974 esti
2043 4918 2105 4973 ldeo
2129 4934 2194 4975 com

1398 5015 1451 5071 dici
1471 5030 1524 5069 non
1539 5022 1639 5085 posset,
1661 5013 1709 5074 ait,
1730 5010 1761 5065 lo
1779 5011 1862 5064 locum
1879 5027 1952 5081 quem
1971 5010 2107 5079 disposuit.
2122 5009 2195 5078 Quid

1400 5107 1446 5163 tibi
1466 5107 1525 5177 plus
1538 5104 1658 5161 dicturus
1677 5118 1746 5167 sum,
1761 5102 1799 5156 ait
1816 5101 1897 5156 bomo
1918 5117 1965 5169 por
1978 5115 2056 5171 qoenr
2075 5100 2197 5169 Spiritus

1399 5206 1507 5252 sanctos
1537 5191 1710 5264 loquebatur?
1738 5190 1765 5245 io
1795 5191 1882 5245 locum
1910 5190 2000 5253 boleno,
2029 5199 2077 5244 aut
2100 5189 2195 5245 loetum

1400 5288 1497 5346 talem?
1518 5285 1651 5356 Quidquid
1672 5282 1776 5351 dixero,
1802 5293 1937 5338 terrenum
1963 5282 2074 5353 cogitas,
2099 5279 2196 5336 buoni·

1400 5381 1481 5452 repis,
1503 5392 1610 5435 carnem
1624 5385 1715 5448 portas
1729 5393 1736 5431 ε
1751 5388 1849 5445 corpus
1862 5372 1934 5444 qood
1952 5373 2134 5444 corrumpitur
2148 5388 2197 5447 aq·

1399 5483 1492 5546 qmrat
1505 5472 1634 5538 arrimam,
1656 5478 1683 5524 ct
1696 5467 1821 5538 deprimit
1838 5476 1944 5522 terrena
1959 5464 2118 5521 inhabitatio
2130 5456 2198 5525 sen'·

1400 5582 1460 5623 som
1473 5565 1554 5620 multa
1566 5561 1727 5632 cogitantem
1739 5557 1817 5631 (Sap.
1828 5573 1865 5624 ra,
1880 5556 1937 5628 15).
1949 5555 1998 5611 Cui
2008 5556 2126 5627 loquar?
2135 5558 2200 5630 quis

1400 5658 1539 5713 auditurus
1552 5656 1614 5711 esti
1635 5653 1697 5724 quis
1710 5652 1798 5723 capiet
1811 5650 1856 5705 ubi
1877 5649 1978 5705 erimus
1992 5658 2053 5720 post
2067 5649 2142 5707 bane
2156 5652 2199 5707 ri·

1401 5761 1466 5819 tam,
1487 5751 1510 5805 si
1529 5749 1557 5805 in
1579 5746 1661 5804 eorde
1684 5742 1903 5801 ascenderimus?
1923 5742 1989 5809 erla
2014 5756 2080 5812 ergo
2102 5757 2196 5809 nemo,

1401 5845 1497 5916 spera¹
1512 5841 1627 5913 aliquem
1639 5836 1800 5894 inellabilera
1818 5833 1988 5891 beatitudinis
2000 5832 2101 5899 locum,
2114 5849 2199 5906 qoem

1433 6022 1503 6068 ¹tm.
1516 6021 1600 6086 etsrj,
1613 6011 1694 6062 lamro
1706 6011 1999 6062 praemonstrator.

1433 6079 1521 6130 ’rods
1535 6075 1596 6139 poio
1612 6076 1850 6197 commoremur.
1869 6069 2050 6119 tbristioieusls
2070 6073 2124 6118 lis:
2137 6063 2202 6128 od·

1401 6145 1600 6215 erqooerrropote
1548 6143 1623 6203 potest
1671 6147 1712 6185 erc
1787 6146 1803 6181 o
1826 6141 1874 6183 etc
1883 6129 2076 6193 sedlegenduru
2089 6127 2199 6180 uidebor:

1403 6206 1463 6268 piria
1472 6215 1530 6269 erqo
1539 6212 1618 6261 norm,
1626 6198 1699 6262 (supp
1693 6147 1787 6257 lemr
1745 6206 1831 6258 cupere
1842 6194 1928 6257 poco)
1938 6205 2018 6255 spero.
