5400 7059
536 718 606 776 1295

534 831 608 902 pat-is
620 834 798 902 agnoverunt;
813 827 839 881 ln
853 825 926 880 illum
946 840 1028 880 unum
1042 825 1087 897 qui
1099 824 1134 881 de
1146 825 1249 880 duobus
1260 823 1324 881 lecit

533 940 615 981 aarum
632 940 639 978 :
654 938 707 977 nun
724 917 945 991 quemadmodum
965 917 1100 981 lraerctici,
1115 917 1159 987 qui
1173 917 1206 971 de
1216 930 1269 971 uno
1284 914 1325 970 le·

533 1027 627 1072 cerunt
638 1016 700 1071 dau.
717 1015 773 1069 lloe
786 1012 857 1065 euim
871 1011 998 1066 idem·ait
1011 1011 1148 1081 apostolus
1165 1010 1198 1064 dc
1213 1009 1325 1063 Domino

533 1107 641 1163 Clttisto
657 1104 734 1172 :lpse
752 1111 787 1156 est
806 1102 883 1167 euim,
906 1100 1006 1171 iuquit,
1027 1116 1079 1172 pan
1097 1109 1198 1164 uestra,
1213 1099 1257 1164 qui
1267 1099 1325 1168 [aar

533 1207 639 1267 utraque
663 1209 739 1247 eruum
761 1191 868 1263 (Epiros.
889 1206 919 1254 tt,
942 1189 999 1261 li).
1021 1190 1090 1259 Ergo
1107 1189 1251 1258 jttlrilcnaus
1275 1188 1324 1242 illi.

535 1287 643 1356 Qrtare‘i
658 1285 724 1353 Quia
743 1301 793 1338 noar
805 1284 910 1353 repellet
931 1281 1055 1337 Dominus
1066 1281 1161 1351 plebem
1173 1297 1256 1336 suam.
1269 1280 1324 1335 lte-

533 1395 591 1434 rum
605 1375 706 1447 quate?
721 1374 845 1442 Quoniam
855 1376 966 1427 inmanu
980 1373 1035 1444 ejas
1053 1373 1117 1440 fines
1129 1381 1213 1438 terra,
1228 1380 1250 1425 et
1264 1372 1325 1424 attt-

533 1469 633 1524 tadines
655 1468 776 1522 montium
796 1466 875 1537 ipsius
899 1476 967 1520 sant.
994 1464 1155 1520 altitudines
1182 1465 1322 1527 montium,

534 1561 710 1616 sublimitates
724 1569 864 1614 terrarum.
887 1556 1036 1626 Aliquando
1051 1556 1109 1609 istac
1123 1555 1322 1621 srtblimitatea,

533 1652 558 1706 id
573 1661 624 1713 est,
638 1652 701 1720 ipsae
712 1659 825 1704 terreum
837 1656 990 1718 potestates,
1000 1646 1146 1702 adversatae
1157 1654 1220 1701 sum
1232 1645 1324 1699 Eccle-

533 1745 599 1806 si:e;
622 1742 694 1812 leges
713 1749 805 1795 contra
824 1739 970 1794 Ecclesiam
993 1737 1210 1808 promulgarunt,
1225 1751 1323 1791 namen

458 1887 462 1893 .
532 1834 707 1889 christianum
722 1832 840 1887 deterre
855 1830 945 1886 delere
959 1828 1047 1886 eonati
1061 1837 1122 1883 sant
1137 1828 1201 1882 :sed
1216 1833 1322 1897 potes-

505 1996 508 2003 ·
532 1942 611 1997 quam
626 1925 762 1996 impletum
778 1923 900 1994 estquod
917 1923 1101 1992 prophetatum
1114 1930 1164 1984 est,
1176 1919 1324 1975 Adorabunt

531 2035 588 2073 ιιιιιι
609 2035 694 2072 omrtes
714 2034 783 2088 rrqes
800 2026 873 2070 terra
890 2015 975 2085 (eat,
999 2032 1080 2080 rruxt,
1096 2013 1158 2086 tt);
1172 2014 1269 2068 laetum
1282 2024 1324 2068 est

535 2111 606 2180 quod
620 2111 663 2166 ltic
677 2110 776 2170 dietum
789 2121 840 2172 est,
852 2109 1003 2162 altitudines
1013 2109 1134 2162 ntorttium
1146 2108 1226 2177 ipsius
1236 2115 1304 2162 sunt.

568 2202 595 2258 9.
616 2199 696 2272 [eers.
712 2198 757 2272 5.]
777 2199 829 2255 Sed
840 2197 909 2254 iurte
924 2209 952 2252 tu
967 2199 1000 2253 de
1016 2197 1204 2253 tentationibus
1214 2197 1321 2268 satagis,

531 2301 562 2347 ut
573 2290 734 2346 cotestitutus
747 2290 773 2343 iu
790 2298 861 2344 tanta
876 2290 959 2359 gratia
973 2289 1178 2357 promissionum
1193 2287 1251 2351 ttet,
1265 2301 1323 2356 pre

533 2393 592 2453 pter
606 2381 729 2436 scandala
743 2380 834 2435 mandi
851 2380 985 2434 turberis?
996 2379 1050 2434 Nec
1064 2379 1121 2448 ipsa
1136 2378 1260 2434 scandala
1271 2378 1321 2432 all·

532 2474 597 2544 quid
613 2473 659 2528 tibi
684 2471 802 2536 laeiuat3
818 2471 942 2542 quoniam
957 2485 1109 2525 mensuram
1123 2485 1137 2524 a
1151 2468 1265 2524 Domino
1279 2483 1323 2524 ac-

532 2573 681 2634 ceperunt:
698 2563 824 2631 Qrtoniam
842 2563 922 2634 ipsius
938 2571 975 2616 est
996 2578 1073 2616 marc.
1091 2560 1139 2616 Est
1155 2562 1227 2616 enim
1248 2575 1322 2616 mare

530 2656 645 2710 arundus
663 2653 792 2720 istc,sed
810 2662 837 2708 ct
860 2667 933 2708 mare
956 2652 1025 2707 Deus
1050 2650 1133 2707 lecit:
1156 2666 1206 2707 nec
1226 2652 1322 2707 sarrire

530 2746 627 2801 lluctus
638 2755 768 2817 possunt,
783 2744 832 2799 nisi
847 2760 930 2815 usqae
944 2744 976 2798 ad
993 2744 1082 2808 littus,
1096 2744 1140 2799 ulri
1154 2745 1211 2815 ipse
1226 2743 1320 2799 termi-

532 2853 596 2893 num
612 2838 709 2908 posuit.
721 2836 796 2892 lirrlla
812 2851 876 2907 erqo
889 2836 1000 2892 tentatio
1012 2878 1020 2900 ,
1034 2837 1084 2890 nisi
1099 2836 1231 2904 acceperit
1243 2851 1321 2891 men-

532 2945 622 2986 suram
636 2945 651 2984 a
663 2929 787 2984 [lumino.
800 2928 859 2984 Sint
873 2943 938 2998 ergo
952 2927 1129 2994 tentationes,
1143 2926 1197 2982 siut
1211 2927 1322 2981 tribula·

533 3022 631 3087 tiones,
666 3019 860 3075 consummaris
890 3018 946 3083 eis,
976 3033 1028 3072 non
1051 3019 1227 3073 consumeris.
1254 3016 1321 3072 lide

532 3119 622 3166 utrum
643 3110 708 3182 ipsae
728 3110 889 3165 tentationes
907 3124 960 3164 raon
983 3101 1320 3178 prosint.,dttendedpa-

531 3203 628 3259 stolum
644 3201 763 3258 :Fidelis
776 3201 861 3266 Deras,
876 3201 919 3271 qni
935 3217 985 3254 nou
1000 3215 1043 3254 uos
1059 3200 1123 3253 sinet
1139 3198 1230 3253 tentari
1242 3203 1322 3268 saepta

531 3311 608 3364 quam
631 3293 734 3362 potestis
754 3293 895 3365 [caused
918 3293 993 3363 [aeiet
1011 3308 1069 3345 carm
1091 3292 1228 3347 tentatione
1245 3291 1321 3345 etiam

507 3430 510 3435 .
532 3387 638 3452 scitum,
658 3395 686 3440 ιιι
705 3384 805 3457 possitis
818 3384 941 3439 sustinere
960 3382 982 3454 (Ι
996 3382 1056 3437 Cor.
1071 3399 1105 3447 1,
1118 3384 1174 3452 ta).
1194 3380 1252 3437 Nan
1272 3381 1319 3450 ait,

531 3477 589 3533 Nan
604 3489 651 3532 uos
665 3475 735 3531 sinet
745 3473 842 3529 tentari
854 3473 973 3529 omnino.
987 3470 1016 3528 Si
1028 3472 1099 3527 enim
1110 3487 1249 3528 reettsares
1261 3482 1321 3529 teu·

532 3571 678 3633 tationem,
691 3580 831 3624 recusares
852 3564 1036 3621 relectionem.
1054 3564 1123 3634 Ergo
1145 3562 1280 3628 refecerim
1294 3570 1321 3618 ct

532 3659 556 3714 si
571 3657 702 3722 reficeris,
717 3656 743 3711 iu
753 3653 877 3709 manibus
886 3651 996 3711 artificis
1009 3667 1049 3707 es.
1064 3651 1170 3722 Aliquid
1184 3652 1230 3707 tibi
1241 3652 1318 3718 tollit,

532 3748 631 3820 aliquid
645 3748 765 3818 corrigit,
778 3746 878 3817 aliquid
894 3746 1055 3815 complanat,
1069 3743 1171 3814 aliquid
1188 3745 1298 3801 mundat
1312 3763 1319 3801 ι

532 3840 586 3909 agit
597 3836 756 3909 quibasdam
772 3835 942 3892 terranemts
955 3835 1027 3901 suis;
1045 3835 1102 3906 ipsa
1119 3841 1181 3890 sunt
1196 3834 1321 3891 scandala

534 3929 613 3999 trrrjus
631 3927 742 3985 seculi:
760 3936 788 3983 tu
810 3935 912 3981 tutatum
928 3924 963 3981 de
985 3940 1066 3980 manu
1083 3925 1195 3980 attilicis
1207 3925 1261 3980 noli
1274 3939 1321 3980 ca·

533 4019 607 4076 dere.
622 4018 692 4075 Nilril
713 4017 866 4074 tentationis
885 4016 996 4076 accedet
1009 4017 1078 4072 altra
1091 4016 1163 4073 vires
1184 4026 1252 4073 tuas.
1265 4016 1322 4074 lloo

533 4110 661 4183 permittit
685 4110 754 4165 Deus
774 4109 808 4164 ad
829 4109 969 4164 utilitatem
991 4117 1081 4173 tuam,
1098 4107 1168 4164 unde
1189 4117 1216 4163 ιιι
1235 4108 1322 4178 possis

537 4202 676 4275 prolicere.
697 4199 817 4271 lienique
836 4201 922 4270 ipsum
945 4199 1101 4270 Apostolum
1116 4197 1243 4254 audilroc
1255 4212 1323 4253 ceta-

532 4295 686 4365 iunqcutem
701 4309 708 4345 a
726 4290 780 4348 Sed
789 4291 864 4362 faciet
880 4306 938 4344 cunr
958 4289 1093 4344 tentatione
1103 4289 1177 4342 etiam
1191 4288 1322 4343 adamat

485 4416 489 4423 ‹
534 4386 635 4459 posside
656 4384 787 4439 sustinere.
808 4381 879 4453 lingo
897 4395 972 4436 mare
990 4378 1061 4435 iorte
1078 4378 1249 4435 metuendum
1274 4379 1322 4434 tilri

533 4480 611 4536 eratt
624 4475 683 4532 Noli
706 4474 818 4530 timere:
835 4472 961 4541 Quoniam
981 4471 1061 4542 ipsius
1080 4480 1216 4536 estuare,
1232 4471 1323 4540 etipse

533 4571 592 4640 peut
605 4567 681 4624 iliad.
694 4568 716 4621 A
733 4565 857 4637 gentibus
869 4566 948 4620 times
960 4561 1109 4618 maeatae
1123 4561 1157 4616 Et
1170 4563 1242 4632 ipsas
1254 4576 1321 4632 qen·

533 4668 575 4716 tes
591 4659 649 4729 ipse
672 4656 753 4716 iecit:
767 4669 821 4709 non
835 4655 971 4725 permittet
992 4652 1053 4707 illas
1073 4652 1141 4707 ultra
1156 4666 1215 4707 eam
1228 4651 1323 4708 sarire

533 4763 612 4819 qnam
627 4745 700 4802 rrorit
712 4744 757 4799 ille
776 4757 944 4810 mensuram,
959 4743 1004 4797 ει·
1013 4756 1066 4812 qua
1080 4740 1215 4813 proicias.
1229 4741 1323 4799 Nonne

533 4839 600 4894 dicit
611 4837 679 4892 alius
690 4834 826 4905 pmlmus,
843 4832 936 4888 Omnes
945 4841 1029 4904 qentes
1042 4839 1161 4903 quotquot
1170 4832 1266 4904 fecisti,
1282 4849 1324 4888 re-

534 4930 603 4985 ntem
617 4936 642 4984 st
651 4924 792 4980 admamm
804 4939 890 4979 caron
902 4931 936 4988 tc,
950 4921 1060 4978 llomine
1071 4920 1155 4995 (Psoi.
1168 4937 1264 4989 assur,
1274 4921 1323 4994 9)l

535 5019 564 5077 Si
588 5031 684 5073 omnes
702 5009 796 5086 pentes
810 5021 942 5086 quotquot
961 5011 1061 5077 iecisti,
1083 5011 1256 5068 manifestum
1281 5020 1324 5068 est

535 5111 596 5182 quia
609 5119 637 5164 et
649 5118 744 5178 pentae
765 5106 823 5176 ipse
844 5104 926 5161 lecit:
942 5102 1020 5172 ideo,
1034 5101 1121 5174 ipsias
1141 5111 1178 5158 est
1198 5119 1285 5165 mare,
1300 5113 1323 5158 et

534 5206 589 5273 ipse
601 5197 742 5273 semiliaco,
756 5208 780 5254 et
791 5197 891 5252 aridam
907 5207 1001 5252 terrant
1014 5210 1105 5250 manus
1117 5195 1172 5266 ejus
1184 5194 1322 5264 insuunt.

535 5294 601 5350 lietu
616 5302 645 5348 tu
658 5290 732 5347 scida
745 5300 827 5356 terra,
839 5289 882 5345 siti
896 5288 1008 5360 qratiam
1023 5284 1081 5354 Dei,
1096 5295 1127 5343 ut
1139 5286 1230 5341 ueniat
1243 5299 1324 5356 snper

536 5398 563 5443 te
574 5384 661 5441 imiter
670 5381 766 5448 dulcis,
778 5381 896 5436 inveniat
907 5379 933 5434 in
947 5388 974 5435 te
983 5376 1108 5434 tractum.
1117 5376 1176 5433 Non
1191 5375 1324 5445 permittit

537 5477 633 5533 [luctus
646 5472 753 5544 operire
773 5470 844 5542 quod
859 5470 928 5526 seuit
943 5471 952 5503 ¹
967 5486 974 5524 a
990 5466 1024 5522 Et
1038 5468 1138 5522 aridam
1157 5475 1250 5521 terram
1269 5482 1324 5520 ma·

499 5574 504 5606 ³
535 5585 583 5623 aas
592 5568 646 5637 ejus
659 5566 796 5636 firment.
811 5562 883 5632 Ergo
896 5568 924 5617 et
937 5559 999 5615 ltine
1010 5559 1154 5630 jubilemus
1163 5557 1212 5614 ttti.

571 5661 615 5716 ld.
631 5656 711 5732 [turs.
725 5655 765 5730 a]
778 5654 844 5711 liam
858 5653 982 5723 quoniam
996 5651 1054 5706 haee
1065 5651 1101 5706 ita
1111 5660 1183 5713 sunt,
1198 5648 1324 5720 quoniam

537 5760 608 5806 tanta
622 5750 814 5822 explicavimus
828 5746 862 5803 sd
876 5746 981 5802 laudem
994 5745 1039 5801 Dei
1054 5744 1225 5815 pertinentia,
1240 5743 1325 5798 redite

536 5841 570 5896 sd
583 5841 648 5897 illud
661 5842 733 5897 unde
744 5846 862 5910 caeperat
873 5853 880 5892 ι
899 5836 1156 5899 teneraetenerae,
1171 5843 1193 5888 et
1206 5833 1325 5904 procida-

536 5947 591 5985 mus
607 5930 640 5997 ei,
659 5941 683 5984 et
701 5932 827 6001 ploremus
844 5938 904 5984 ante
916 5925 1053 5983 domiuum
1065 5927 1178 5993 quiteria
1192 5940 1248 5978 nos.
1263 5922 1325 5979 idco

567 6085 626 6134 lsic
636 6083 726 6148 aliquot
737 6091 791 6135 ttss.
811 6093 837 6136 tt
853 6092 902 6134 um.
918 6091 944 6134 et
955 6090 1001 6143 tr,
1013 6079 1078 6144 erud
1091 6078 1171 6131 seuit.
1191 6085 1256 6136 tae,
1267 6088 1326 6140 quos
1354 6119 1361 6137 ,

536 6154 624 6199 uruat.

1146 715 1175 770 s.
1196 709 1378 771 auausrtm
1398 711 1549 795 setsaom

2077 733 2080 739 '
2098 719 2170 778 lili

1377 825 1447 880 cuim
1463 826 1640 895 exsultemus,
1652 828 1715 898 quia
1730 826 1791 885 lecit
1805 828 1870 886 illutl
1882 838 1910 886 ct
1921 831 1994 887 illud.
2009 829 2171 891 Etoomrne·

1377 916 1489 970 ntoravit
1503 917 1602 985 ntttlta,
1623 928 1649 974 et
1665 935 1734 976 nunc
1749 923 1844 992 repetit
1862 922 2075 980 cultortationem
2091 944 2098 980 :
2121 925 2169 984 Ve-

1377 1007 1437 1073 nite,
1451 1008 1594 1076 adorentur,
1610 1018 1633 1063 et
1647 1012 1808 1079 procidamus
1820 1014 1851 1072 ei,
1867 1025 1890 1067 et
1903 1015 2030 1085 ploremus
2043 1026 2102 1072 ante
2115 1017 2170 1073 Do·

1377 1098 1472 1151 urinum
1481 1098 1525 1167 qui
1536 1099 1594 1170 iecit
1606 1116 1662 1154 nas.
1671 1099 1729 1155 iam
1740 1106 1978 1159 commemoratisa
1991 1121 2033 1162 mc
2045 1107 2171 1165 latudilttts

1376 1187 1434 1253 Dei,
1451 1189 1532 1244 nolite
1547 1189 1613 1260 pigri
1627 1205 1697 1257 csse,
1710 1201 1738 1267 ct
1752 1193 1829 1264 louge
1841 1194 1893 1248 rita
1908 1204 1935 1249 et
1950 1197 2069 1252 uentribus
2079 1206 2170 1255 stara;

1381 1278 1477 1347 Venite,
1493 1281 1636 1346 adoretnns,
1647 1291 1671 1337 et
1683 1283 1844 1354 procidamus
1857 1286 1890 1339 ei.
1907 1285 1958 1341 Sed
1975 1286 2042 1343 lente
2056 1286 2090 1345 de
2103 1303 2170 1358 pcc·

1377 1373 1442 1425 eatis
1457 1373 1570 1439 restris,
1585 1388 1644 1443 aque
1657 1389 1705 1430 vos
1716 1374 1795 1442 longe
1808 1374 1925 1431 fecerant
1941 1391 1956 1431 a
1978 1376 2047 1442 ileo,
2061 1379 2171 1436 solllciti

1376 1463 1456 1529 cstis;
1472 1463 1598 1520 arctamus
1609 1467 1747 1537 sequeutia
1761 1484 1767 1520 :
1782 1466 1815 1521 tu
1829 1468 1958 1538 ploremus
1976 1485 2061 1524 eoram
2075 1469 2170 1526 Dorsu-

1376 1574 1420 1623 no,
1433 1559 1476 1629 qni
1486 1559 1544 1630 {ecit
1556 1575 1612 1612 uos.
1627 1558 1803 1616 ludeslene
1822 1561 1984 1616 canscientia
2007 1562 2116 1628 delicti;
2130 1565 2170 1620 la·

1376 1651 1475 1721 erynnis
1489 1650 1629 1723 exstingue
1640 1650 1774 1707 dammam
1787 1653 1895 1722 peceati,
1913 1654 1986 1724 plara
1999 1664 2062 1712 sarto
2074 1657 2167 1713 daml-

1377 1756 1457 1794 rmm:
1482 1756 1592 1798 securus
1613 1744 1688 1812 plora
1711 1744 1889 1811 autolicum,
1906 1745 1950 1815 qai
1972 1753 1998 1801 te
2019 1747 2097 1814 teett;
2113 1763 2169 1804 nan

1376 1832 1446 1884 enirn
1462 1847 1529 1903 epus
1550 1849 1675 1888 nranuum
1699 1849 1806 1890 suarum
1828 1837 1973 1891 coutemnit
1997 1839 2022 1892 in
2049 1848 2084 1894 te.
2109 1839 2168 1895 Noli

1376 1914 1470 1991 putare
1482 1924 1542 1993 quia
1560 1933 1661 1993 petesa
1676 1934 1702 1981 te
1714 1925 1833 1982 relacill
1854 1935 1880 1982 te
1899 1926 2014 1983 dedcere
2032 1938 2123 1998 pates,
2139 1938 2168 1987 ιιι

1377 2012 1488 2081 teipsum
1503 2014 1613 2070 reficere
1629 2031 1680 2069 non
1696 2024 1789 2084 potes:
1804 2016 1848 2072 ille
1869 2018 1954 2073 reiicit
1977 2021 2021 2089 qui
2045 2029 2070 2075 te
2093 2019 2167 2078 iecit.

1375 2100 1510 2158 Ploremus
1524 2115 1581 2159 arete
1594 2105 1728 2160 Dominum
1741 2107 1785 2176 qui
1800 2125 1845 2162 nos
1859 2110 1917 2180 [ecit
1928 2129 1936 2161 :
1947 2109 2094 2180 lacrymare
2104 2121 2168 2170 atate

1376 2191 1460 2257 illum,
1475 2193 1602 2248 conlitere
1615 2194 1662 2262 illi,
1678 2196 1792 2265 praeveni
1809 2196 1901 2252 lacicm
1914 2197 1971 2268 ejus
1982 2200 2007 2255 in
2022 2201 2168 2258 conlcssia·

1376 2300 1419 2338 ne.
1432 2284 1496 2353 Quis
1511 2285 1581 2340 cuim
1594 2301 1624 2341 es
1637 2295 1663 2341 ta
1679 2287 1724 2357 qul
1741 2286 1777 2343 llli
1792 2287 1892 2358 ploras,
1912 2299 1940 2344 ct
1960 2290 1997 2345 illi
2017 2293 2181 2359 constiteris,

1376 2375 1427 2430 uisi
1440 2391 1520 2445 quem
1536 2375 1685 2433 lecithon
1701 2393 1789 2448 partu
1804 2378 1907 2435 fiducia
1926 2390 1966 2436 est
1988 2382 2020 2436 ad
2038 2381 2165 2438 iactassent

1375 2483 1419 2523 res
1432 2467 1513 2535 iacta,
1528 2478 1555 2525 et
1568 2487 1620 2524 narr
1634 2470 1883 2544 quomodocumque
1897 2473 1974 2542 lacta,
1990 2475 2036 2530 scd
2051 2476 2084 2530 ad
2100 2477 2167 2532 irata·

1374 2560 1463 2628 gittem
1479 2566 1506 2614 et
1519 2560 1717 2615 similitudinem
1732 2562 1813 2631 ipsius
1830 2581 1836 2617 :
1858 2563 1960 2629 Venite,
1974 2565 2126 2635 adoremus,
2142 2576 2166 2621 et

1375 2651 1536 2720 procidamus
1553 2653 1592 2720 ei,
1607 2664 1629 2706 et
1649 2654 1776 2724 ploremus
1794 2663 1852 2709 aute
1872 2655 2085 2729 destitutumque·
2105 2662 2166 2732 feeit

1375 2757 1431 2794 ttos.

1410 2831 1454 2886 tt.
1467 2829 1541 2906 [vers.
1556 2831 1594 2905 7.}
1607 2832 1732 2901 Quoniam
1745 2835 1798 2904 ipse
1811 2846 1846 2889 est
1857 2833 1980 2891 Donrinus
1992 2838 2057 2894 Deus
2070 2853 2163 2899 tresue.

1376 2919 1408 2976 Ut
1422 2931 1511 2975 autem
1526 2923 1613 2976 securi
1626 2933 1688 2978 ame
1702 2924 1777 2977 illum
1793 2925 1959 2994 procidamus
1972 2939 1998 2982 et
2014 2930 2161 2999 ploremus,

1374 3028 1424 3067 tros
1438 3013 1500 3083 quid
1515 3015 1624 3090 sumus?
1638 3013 1694 3070 Nos
1712 3026 1795 3071 autem
1814 3020 1923 3088 populus
1937 3037 2038 3089 pasceres
2056 3025 2125 3092 ejus,
2141 3033 2165 3078 et

1373 3119 1430 3157 oues
1440 3121 1560 3158 ntonttuttt
1573 3107 1636 3177 ejece.
1653 3105 1717 3163 ttae
1732 3123 1811 3178 quam
1822 3111 1957 3179 eleganter
1967 3113 2108 3167 uerborum
2121 3131 2166 3168 or·

1373 3193 1462 3249 dinem
1475 3198 1656 3263 cornmntauit,
1669 3205 1696 3253 et
1710 3208 1834 3268 tartquam
1847 3214 1899 3253 rron
1913 3203 2018 3269 propria
2032 3203 2164 3272 reddidit,

1374 3295 1403 3339 ut
1415 3285 1486 3355 ipsos
1500 3287 1679 3358 intelligamus
1693 3303 1771 3352 ores,
1794 3289 1838 3359 qui
1860 3298 1922 3344 sum
1941 3300 1968 3346 et
1991 3293 2164 3361 papatuum

1373 3377 1456 3443 atate,
1472 3377 1542 3437 ares
1563 3392 1667 3449 pascuae
1682 3379 1739 3449 ejus
1761 3388 1789 3435 et
1811 3381 1925 3452 popalus
1940 3399 2065 3438 maranum
2087 3386 2163 3456 ejas,

1373 3471 1444 3542 qaod
1460 3472 1543 3543 magis
1556 3471 1697 3542 putabatur
1711 3486 1789 3540 posse
1801 3487 1959 3542 congruere,
1975 3477 2036 3546 quia
2049 3493 2113 3533 oues
2128 3483 2162 3534 ad

1374 3578 1470 3634 pascua
1484 3564 1617 3633 pertinent
1629 3580 1636 3618 ι
1648 3564 1694 3619 sed
1709 3564 1765 3631 ait,
1783 3567 1892 3635 popalus
1907 3583 2016 3635 pascua.
2030 3569 2099 3639 Ergo
2114 3586 2164 3640 po·

1374 3654 1452 3726 palus
1461 3670 1524 3710 oues
1538 3663 1609 3720 stmt,
1621 3654 1681 3724 quia
1695 3654 1769 3721 dicit,
1785 3657 1893 3726 populus
1904 3674 2006 3724 pascua
2019 3661 2091 3730 ejas,·
2106 3660 2165 3731 ipse

1374 3744 1487 3817 populas
1505 3760 1569 3800 oves
1590 3752 1660 3800 aurat.
1681 3744 1734 3801 Sed
1750 3761 1859 3810 stersus,
1882 3747 1943 3816 quia
1965 3764 2013 3801 uos
2034 3748 2165 3807 halreums

1374 3851 1437 3892 ores
1450 3851 1516 3907 quas
1528 3827 1660 3903 emimus,
1676 3832 1727 3891 nou
1740 3851 1805 3907 quas
1819 3835 1946 3904 lecimns3
1959 3838 2060 3895 dixerat
2074 3852 2164 3898 autern

1373 3929 1512 3998 superius,
1537 3927 1704 3982 Procidamus
1722 3928 1744 3982 ei
1766 3929 1809 3997 qai
1826 3929 1885 4000 [ecit
1903 3946 1948 3983 nor
1960 3945 1969 3984 .·
1981 3940 2052 3985 reete
2063 3931 2164 3989 dictum

1373 4030 1424 4086 est,
1434 4020 1691 4089 oresntauanmejus.
1701 4017 1793 4074 linitus
1804 4019 1939 4074 homimum
1950 4021 2070 4077 sibilacit
2080 4039 2162 4080 oves:

1374 4126 1465 4167 eruere
1476 4118 1573 4181 potest,
1588 4111 1680 4166 donari
1694 4121 1815 4180 possunt,
1827 4112 1948 4168 invertire
1962 4124 2057 4183 potest,
2069 4131 2165 4186 aggre-

1373 4216 1436 4272 qare
1451 4207 1548 4272 potest,
1563 4210 1698 4269 postremo
1714 4200 1795 4255 iurari
1809 4211 1912 4271 potest;
1929 4202 2015 4259 lacere
2030 4220 2095 4260 oves
2109 4222 2164 4262 aaran

1374 4299 1470 4360 potest.
1483 4292 1516 4345 nt
1528 4306 1591 4344 vero
1608 4291 1734 4345 {lanuinus
1745 4301 1836 4346 noster
1850 4290 1988 4355 locitans:
2005 4293 2065 4348 ideo
2080 4312 2159 4367 popte-

1374 4383 1414 4437 ius
1429 4398 1530 4459 pascuae
1549 4383 1603 4453 ejus
1622 4393 1644 4436 et
1661 4398 1718 4437 ores
1734 4398 1854 4436 mansuum
1868 4384 1932 4454 ejus,
1947 4385 2010 4453 ipsa
2023 4396 2085 4440 suut
2098 4403 2164 4457 qaae

1374 4473 1424 4528 silai
1440 4475 1496 4542 ipse
1511 4473 1597 4528 lacere
1607 4473 1729 4543 dignatus
1742 4475 1874 4545 estgratia
1886 4489 1944 4529 sua.
1956 4475 2008 4530 llas
2019 4477 2089 4531 enim
2099 4492 2166 4535 otus

1375 4565 1464 4620 latudat
1478 4576 1504 4620 et
1519 4566 1545 4620 in
1556 4566 1672 4621 Catttticis
1682 4567 1855 4631 canttcorum,
1868 4569 1999 4637 perlectus
2010 4570 2141 4639 quosdam
2155 4570 2164 4602 ¹

1375 4654 1466 4711 dicens
1479 4664 1602 4725 uunquam
1616 4655 1709 4710 dentes
1721 4654 1847 4710 Ecclesiae
1859 4665 1956 4711 sanetae
1969 4673 2074 4727 sponsae
2088 4672 2163 4715 suae:

1375 4747 1467 4803 Dentes
1475 4750 1517 4801 vtui
1528 4748 1592 4802 sicut
1602 4764 1663 4818 pren
1673 4747 1834 4802 detonsarum
1847 4749 2035 4804 ascendentium
2048 4750 2080 4803 de
2094 4750 2165 4804 laua-

1375 4855 1428 4908 cro,
1451 4846 1507 4908 quoi
1527 4839 1639 4911 pntiuos
1663 4839 1775 4910 pariunt,
1792 4848 1816 4893 et
1834 4838 1927 4895 sterilis
1941 4857 1991 4895 non
2011 4848 2047 4894 est
2065 4841 2091 4895 in
2113 4842 2165 4897 iliis

1377 4930 1462 5002 (Cant.
1474 4945 1513 4996 tt,
1526 4929 1560 4991 2;
1576 4938 1600 4983 et
1612 4944 1647 4993 vt,
1659 4929 1697 5000 5).
1708 4928 1777 4996 Quia
1791 4936 1849 4996 est,
1865 4928 1959 4985 Dentes
1970 4930 2026 4984 tui?
2036 4929 2087 4985 Per
2097 4945 2165 5000 quos

1375 5021 1513 5091 loqueris:
1527 5019 1621 5076 dentes
1639 5019 1710 5074 enim
1735 5019 1875 5087 Ecclesia,
1892 5034 1939 5091 per
1960 5033 2027 5091 quos
2046 5021 2165 5091 loquitur

1375 5110 1505 5168 Ecclesia.
1517 5109 1614 5177 Quales
1627 5108 1722 5164 dentes
1741 5108 1794 5164 tuii
1809 5107 1940 5179 Tanquam
1961 5125 2023 5180 qreu
2046 5109 2166 5164 detonsa·

1375 5219 1441 5258 rum.
1454 5202 1543 5271 Quare
1556 5199 1738 5257 detonsarum?
1751 5200 1819 5268 Quia
1831 5198 1951 5255 sarcinas
1966 5200 2055 5256 saeculi
2069 5213 2167 5270 pasue·

1375 5301 1447 5350 ruat.
1459 5291 1553 5349 Nonne
1562 5289 1681 5346 aeterua
1693 5299 1770 5346 erant
1781 5305 1845 5346 oves
1857 5285 1921 5358 idas,
1932 5290 2073 5362 dequibus
2086 5292 2166 5359 paulo

1376 5394 1439 5440 aute
1460 5377 1596 5447 dicebam,
1617 5395 1685 5451 quos
1703 5389 1864 5451 preceptum
1879 5381 1926 5437 ttet
1942 5380 2109 5446 totonderat,
2123 5379 2166 5436 di·

1376 5474 1462 5530 centis
1476 5490 1483 5526 ι
1501 5470 1580 5536 Vade,
1591 5470 1668 5525 uettde
1678 5472 1762 5524 omnia
1771 5479 1823 5539 tua,
1836 5471 1869 5526 da
1879 5471 2041 5543 pauperibus,
2057 5481 2080 5527 et
2090 5471 2168 5526 irade-

1376 5567 1414 5623 iis
1426 5568 1570 5623 tnesaurum
1580 5566 1607 5620 in
1617 5567 1702 5631 coelis,·
1716 5575 1739 5621 et
1751 5567 1816 5632 oeni,
1826 5583 1930 5636 sequere
1939 5582 1978 5621 me
1992 5562 2096 5638 (liattlt.
2109 5579 2166 5630 urs,

1375 5659 1444 5729 in?
1458 5657 1590 5714 Fecerunt
1603 5658 1653 5711 laec
1666 5667 1827 5728 preceptum
1838 5674 1846 5724 ;
1859 5657 1964 5712 detonsi
1980 5667 2120 5711 uenerunt.
2134 5653 2169 5708 Et

1377 5751 1439 5823 quia
1452 5750 1578 5820 batptieati
1600 5758 1662 5805 sant
1684 5749 1825 5805 credentes
1847 5749 1873 5802 in
1892 5746 2039 5812 Christum,
2054 5744 2117 5816 quid
2131 5745 2168 5800 ibi
2194 5794 2205 5807 ,

1377 5841 1697 5897 diciturttaeeaateattam
1717 5840 1748 5894 de
1769 5841 1886 5906 inuocem
1909 5839 1934 5894 id
1949 5847 2007 5904 cst,
2021 5836 2171 5892 ascendeu-

1379 5935 1443 5988 tium
1457 5932 1491 5988 de
1506 5931 1687 5987 mandatione.
1705 5930 1740 5985 lit
1758 5948 1845 5986 omnes
1857 5930 1969 6002 qemiuos
1980 5939 2088 5985 creant:
2101 5940 2171 5998 quos

1378 6022 1515 6094 geminos?
1529 6021 1586 6076 [luo
1599 6021 1642 6076 illa
1658 6032 1805 6092 precepta,
1819 6023 1953 6093 inquibus
1967 6032 2021 6078 utta
2035 6021 2090 6077 Les
2105 6034 2172 6092 peu·

1413 6136 1421 6166 ⁸
1434 6141 1484 6182 uuo
1492 6139 1555 6195 uss,
1567 6135 1686 6198 perlectus
1696 6129 1803 6200 quidam.
