5400 7059
491 739 556 797 tttt
600 776 605 784 ‹

492 855 559 908 (ledit
580 860 672 906 terram
695 865 779 905 eornm
796 847 981 912 itareditatetn,
1007 845 1176 901 itteruditutent
1195 842 1277 897 irruet

490 959 560 998 arrae
573 960 629 996 srro.
653 942 701 996 Dat
713 942 793 997 etiam
808 954 873 1010 qtros
885 937 1005 993 diabolas
1019 935 1178 1005 possidebat,
1194 933 1279 988 luere·

491 1036 599 1091 rlitatem
612 1034 707 1088 semini
724 1031 846 1097 abraba,
867 1029 937 1098 ettad
955 1039 994 1083 est
1012 1028 1143 1082 Christus.
1168 1026 1233 1092 Qum
1250 1025 1278 1080 itt

491 1127 631 1182 bumilitate
643 1134 729 1180 nostra
746 1139 839 1178 memor
854 1122 900 1191 [uit
916 1121 1003 1175 rrostri.
1017 1120 1050 1174 Et
1064 1119 1167 1173 rederrtit
1185 1135 1229 1171 uos
1246 1115 1278 1200 ab

489 1219 599 1274 inimicis
612 1217 723 1271 austris:
737 1215 863 1284 sanguine
873 1190 1005 1282 littigcniti
1014 1210 1064 1265 sui.
1081 1209 1129 1274 Qui
1141 1211 1183 1262 dat
1195 1221 1277 1263 escam

489 1313 559 1367 ormrr'
568 1311 657 1374 earrri,·
670 1309 720 1364 boe
732 1317 783 1373 est,
799 1307 872 1360 orani
888 1304 1024 1358 bantinum
1040 1302 1140 1372 petteri,
1157 1317 1209 1355 noo
1222 1309 1278 1355 tan·

489 1413 546 1459 tarn
562 1402 750 1464 israelitarum,
767 1399 814 1455 sed
828 1408 855 1453 et
866 1397 989 1454 Gentium
1007 1414 1013 1449 :
1029 1395 1062 1450 de
1076 1409 1127 1464 aaa
1140 1408 1200 1449 esea
1213 1392 1291 1450 dici·.

490 1506 545 1558 tur,
557 1492 622 1548 Caro
636 1507 691 1546 ntea
705 1507 760 1544 uere
774 1499 810 1544 est
823 1505 879 1544 ereo
894 1486 982 1558 (Joaa.
997 1503 1035 1548 vt,
1048 1486 1106 1556 56).
1119 1483 1278 1550 Corrtitentiai

492 1585 546 1641 Deo
558 1584 623 1643 corii,
639 1583 757 1653 qrtouittm
770 1581 795 1634 in
805 1590 924 1634 teletarum
938 1579 1107 1632 misericordia
1118 1578 1182 1648 rjus.
1194 1575 1279 1645 Confi·

490 1679 578 1732 remini
593 1676 699 1730 Jiontiao
718 1675 884 1735 dominorum,
898 1673 1015 1742 quonium
1032 1671 1058 1723 in
1070 1680 1190 1724 aeternmn
1203 1669 1278 1723 miss-

491 1767 603 1825 rs'cordio
624 1769 687 1836 rjus.
715 1766 790 1835 Qttod
813 1765 856 1818 bie
878 1765 924 1824 ait,
948 1762 1002 1816 Dra
1020 1763 1086 1826 creti,
1104 1761 1185 1816 eredo
1202 1761 1280 1814 aliter

491 1861 581 1917 dicere
597 1860 679 1914 rolttit
697 1857 767 1928 qnttd
786 1871 863 1925 snpra
883 1855 938 1924 jarn
952 1855 1065 1918 dixerat,
1088 1851 1141 1906 Deo
1154 1852 1279 1905 deornm:

492 1967 553 2006 naut
569 1949 638 2018 aitod
654 1949 688 2004 ibi
702 1947 797 2003 deiude
811 1946 955 2015 sttbjtmxit,
973 1945 1022 1999 boe
1033 1944 1111 1998 etiam
1127 1942 1169 1996 bie
1181 1942 1278 2012 repeti-

491 2045 540 2107 vit,
561 2039 720 2110 Cottiitemint'
735 2039 842 2094 Dontt'no
857 2038 1026 2091 dominorum.
1041 2035 1092 2090 Sed
1108 2035 1151 2088 etsi
1166 2044 1222 2087 sunt
1236 2033 1280 2103 aui

491 2137 611 2190 dicantur·
622 2135 668 2197 dii,
678 2135 729 2189 siue
741 2134 768 2208 iu
783 2133 854 2197 roeio,
874 2131 924 2184 siue
935 2131 960 2183 in
971 2139 1037 2183 terra
1048 2144 1058 2192 ,·
1070 2126 1278 2200 quemadmodum

491 2236 550 2280 suut
564 2226 600 2279 dii
612 2225 685 2280 multi
694 2235 717 2277 et
729 2223 824 2277 dondni
836 2222 908 2275 rnrtlti
915 2239 924 2286 ‚·
937 2220 980 2275 sed
993 2220 1063 2274 nobis
1074 2236 1138 2274 unns
1150 2229 1185 2272 ert
1200 2216 1277 2283 Deras,

492 2318 582 2382 Pater,
594 2334 624 2373 ea
635 2334 683 2388 quo
697 2316 792 2379 ontnia,
805 2324 829 2368 et
841 2331 885 2368 uos
897 2314 922 2367 ia
934 2313 1025 2382 ipsum,
1043 2321 1067 2365 et
1079 2327 1144 2366 uuus
1154 2308 1279 2363 Dominus

489 2408 566 2465 Jesar
589 2407 713 2467 cbristus,
737 2420 782 2478 per
804 2421 875 2475 quern
902 2405 994 2466 omnia,
1019 2412 1041 2455 et
1060 2417 1107 2454 nos
1133 2417 1177 2471 per·
1196 2400 1279 2467 iprum

491 2502 513 2570 (Ι
527 2501 585 2555 Cor.
594 2516 649 2564 snt,
661 2499 707 2554 det
715 2496 742 2570 6)
753 2514 760 2562 ;
772 2498 813 2552 eui
821 2495 986 2557 comitemur,
997 2493 1114 2559 quoniam
1124 2492 1149 2545 iu
1159 2501 1279 2545 eternum

490 2594 661 2648 ntimricordiu
671 2595 735 2664 ejus.

488 2692 1283 2720 *Μ

629 2792 634 2799 ·
671 2757 711 2817 IN
733 2752 921 2816 psalmom
943 2749 1105 2813 CXXXVI

789 2850 996 2907 utttttltatto.

770 2959 855 2998 scano
870 2958 903 2996 no
917 2958 1028 2996 neuneu.

527 3041 554 3096 l.
567 3038 642 3113 [uere.
657 3035 694 3110 i.]
705 3036 807 3092 Oblitus
817 3049 864 3088 vos
873 3048 932 3088 esse
945 3048 997 3085 non
1007 3031 1131 3096 arbitror,
1140 3042 1276 3085 comeren-

489 3133 571 3189 dssse
597 3146 645 3185 nos
670 3128 756 3191 robis,
789 3127 842 3181 into
863 3119 1087 3179 eornmemora'sse
1112 3120 1188 3186 ras¹,
1209 3117 1278 3188 qnod

490 3225 580 3282 omnis
598 3221 715 3277 eruditus
731 3222 756 3274 in
771 3228 859 3273 sancta
881 3216 998 3272 Ecclesia
1020 3229 1100 3270 nosse
1115 3213 1194 3269 debet
1209 3211 1279 3266 tunde

490 3319 565 3374 cives
578 3318 672 3380 simus,
690 3322 715 3369 et
729 3313 773 3368 nbi
787 3311 994 3383 peregrinemur,
1012 3317 1039 3363 et
1058 3305 1279 3378 peregrinationis

492 3418 590 3468 trostrae
604 3421 710 3464 causam
721 3419 778 3461 esse
792 3411 938 3474 peecatum,
951 3399 1110 3456 reversionis
1121 3409 1207 3452 autern
1218 3412 1279 3450 mu·

492 3519 543 3558 nus
557 3501 738 3557 remissionem
748 3505 914 3568 neocororum
925 3501 953 3549 et
963 3492 1176 3561 iustitieationem
1188 3491 1279 3561 gratie

492 3593 551 3650 uer.
567 3593 635 3647 Duas
647 3592 766 3647 rinitores
780 3588 923 3659 permixtas
935 3585 984 3640 sibi
1001 3584 1105 3639 interim
1117 3599 1238 3652 corpore,
1252 3590 1280 3639 et

493 3683 574 3741 eorde
586 3693 731 3753 separatas,
743 3694 849 3735 currere
859 3693 905 3748 per
913 3678 961 3732 ista
976 3676 1109 3738 relnmiaa
1120 3673 1278 3729 saecolorum

493 3791 577 3845 titane
590 3776 616 3829 io
631 3774 720 3835 tinere,
736 3770 846 3826 audistis
858 3778 885 3824 et
902 3769 1003 3834 nostis;
1021 3781 1098 3821 traam
1111 3766 1152 3820 cui
1166 3763 1225 3819 linis
1237 3772 1280 3821 est

492 3882 543 3937 pax
562 3876 671 3929 aterna,
693 3874 718 3919 et
730 3870 839 3922 uocatur
851 3858 996 3915 Jerusalem
1009 3875 1017 3922 ;
1035 3845 1144 3911 alteram
1158 3855 1200 3911 cui
1214 3869 1280 3926 gau·

493 3960 567 4021 dium.
587 3968 628 4014 est
640 3973 691 4029 pax
709 3955 871 4026 temporalis,
892 3964 919 4009 et
938 3960 1047 4008 vocatur
1062 3948 1215 4022 Baitylonia.
1233 3948 1278 4004 ln·

494 4052 695 4123 terpretationcs
705 4050 782 4103 etiam
797 4047 943 4109 nominum,
957 4045 979 4098 si
991 4058 1042 4098 oon
1056 4041 1141 4103 iallor,
1161 4040 1256 4095 tenetis
1270 4057 1278 4094 r

493 4145 641 4202 Jerusalem
656 4141 834 4211 interpretari,
848 4138 983 4192 visionem
994 4134 1082 4203 pacis;
1097 4132 1278 4204 Babyloniam,

494 4238 689 4297 confusionem.
706 4233 853 4289 Jerusalem
867 4230 891 4282 in
906 4226 1048 4299 Babylonia
1060 4224 1161 4293 captiua
1176 4223 1281 4278 teneba-

496 4342 536 4387 tur
555 4345 608 4385 nott
629 4338 700 4392 tota;
720 4327 791 4380 eires
811 4322 881 4379 enim
898 4320 955 4390 ejus
976 4327 1003 4373 et
1022 4316 1113 4386 angeli
1134 4323 1204 4369 sunt.
1227 4313 1280 4369 Sed

495 4420 564 4488 ettad
588 4420 682 4473 attinet
702 4416 734 4471 ad
755 4414 879 4467 termines
901 4407 1100 4479 predestinatos
1120 4407 1144 4460 iu
1169 4406 1279 4475 gloriare

495 4515 552 4580 Dei,
569 4515 668 4567 ltrtaros
682 4525 728 4579 per
742 4507 909 4576 adeptionem
924 4499 1076 4557 cotraredes
1090 4497 1197 4560 Christi,
1213 4511 1280 4568 qnos

495 4607 527 4661 de
540 4607 597 4676 ipsa
607 4601 758 4671 captivitate
771 4596 882 4653 redemit
897 4593 1025 4663 sangnine
1036 4604 1085 4644 suo
1103 4607 1110 4643 :
1127 4589 1280 4659 particulam

496 4711 559 4764 argo
574 4694 650 4748 istam
667 4689 780 4745 ciuitatis
791 4685 936 4741 Jerusalem
950 4682 1079 4751 captivam
1093 4679 1176 4735 teneri
1195 4679 1219 4732 io
1232 4677 1283 4732 lta·

496 4786 603 4859 bylrutia
618 4799 665 4854 pro
680 4789 796 4852 peecata,
810 4777 925 4846 incipere
939 4783 1027 4828 atttem
1046 4771 1107 4826 inde
1122 4762 1195 4826 estre
1209 4769 1282 4837 prius

496 4878 575 4933 eorde
595 4889 643 4946 per
656 4870 851 4927 confessionem
865 4865 1009 4936 iniqnitatis
1021 4873 1048 4918 et
1063 4862 1219 4917 cltaritatem
1236 4860 1282 4930 jn-

497 4973 584 5034 stitia,
600 4966 696 5024 deinde
712 4974 801 5032 postea
818 4962 843 5015 in
855 4960 906 5014 bne
919 4958 1007 5013 sreeuli
1024 4956 1103 5012 etiam
1116 4971 1228 5025 corpore
1242 4970 1284 5010 se-

498 5064 649 5136 parandam,
659 5053 936 5115 eotnrnendaeimnsin
947 5067 978 5105 eo
989 5051 1101 5119 psalmo,
1110 5065 1187 5119 quem
1198 5049 1283 5118 primo

500 5155 541 5209 bie
551 5170 612 5210 etun
624 5161 708 5206 restra
723 5147 869 5203 Dilectione
883 5142 1060 5204 tractavimus,
1072 5141 1116 5210 qni
1130 5141 1164 5194 ita
1180 5139 1281 5203 incipit,

499 5247 534 5302 Te
546 5247 613 5301 decet
627 5245 742 5314 ltprturas,
758 5240 838 5301 Deus,
854 5239 879 5290 in
891 5236 974 5296 Sioa,·
989 5244 1010 5289 et
1024 5235 1067 5287 tibi
1077 5232 1192 5286 reddetur
1201 5242 1285 5286 ootuta

499 5340 524 5392 iu
536 5335 679 5392 Jerusalem
690 5332 772 5404 (l'sol.
788 5345 860 5390 nstv,
874 5329 913 5398 t).
931 5326 1060 5380 l'lotlicrna
1075 5332 1162 5377 autent
1176 5323 1219 5377 die
1235 5322 1284 5377 de-

501 5429 668 5484 cantavimus
683 5467 689 5479 .
704 5423 787 5491 Super
801 5421 907 5492 portuno
920 5416 1066 5487 Babylonis,
1088 5414 1121 5468 ibi
1134 5414 1241 5468 redieras
1262 5422 1285 5467 et

501 5523 625 5592 perimus,
645 5532 701 5569 curn
715 5512 904 5568 recordaremur
916 5506 989 5563 Sion.
1011 5504 1103 5559 Videte
1116 5505 1177 5575 qttia
1199 5505 1224 5558 in
1241 5503 1285 5560 illo

500 5612 599 5666 dicturn
607 5618 659 5669 est,
667 5604 704 5660 Te
710 5605 778 5658 decet
789 5601 906 5673 itatenus,
915 5598 994 5662 Deus,
1005 5597 1031 5649 iu
1043 5594 1124 5660 Siou;
1134 5596 1176 5649 bie
1185 5604 1284 5661 aunem,

501 5701 587 5770 Super
604 5697 709 5768 piamina
719 5693 871 5764 Babylonis,
885 5691 918 5744 ibi
930 5689 1039 5744 srdinnts
1051 5696 1074 5740 et
1088 5686 1210 5756 periurus,
1230 5701 1287 5740 cunt

501 5792 688 5849 recordaremur
696 5785 758 5842 Sion
766 5781 934 5845 :illarnSiou,
945 5775 1285 5849 nbideeetbytnnusbeutu.

536 5886 564 5938 2.
582 5882 647 5948 Quae
668 5888 730 5934 sunt
750 5892 812 5947 erga
828 5872 934 5928 flumina
951 5869 1109 5942 Babylonis,
1129 5867 1232 5937 etquid
1248 5874 1288 5922 est

502 5986 624 6032 anstrum
633 5971 726 6026 sedere
739 5976 766 6022 et
778 5967 842 6022 llere
853 5965 878 6019 in
890 5961 1072 6019 recordatione
1080 5959 1162 6016 Sion?
1176 5957 1205 6013 Si
1217 5958 1287 6014 enim

502 6069 576 6127 eires
590 6064 651 6119 inde
669 6075 770 6121 sumus,
786 6072 838 6112 non
854 6065 954 6111 tanturn
976 6053 1028 6110 boe
1039 6061 1187 6119 canamus,
1201 6050 1247 6108 sed
1263 6056 1290 6106 et

537 6180 596 6230 rste
608 6186 659 6228 ntss.
671 6181 771 6234 attor..
782 6185 831 6222 aaa
855 6233 858 6240 Ι

994 727 1241 788 utttuurttlburi
1260 727 1421 813 usnttttttt
1440 727 1582 785 cxxsvt.

2048 736 2117 790 libb

1331 843 1443 911 agimus.
1457 843 1484 898 Si
1498 843 1570 898 eires
1581 858 1672 899 sumus
1684 843 1717 899 de
1729 843 1887 911 Jerusalem,
1904 846 1929 901 id
1942 859 1982 903 est
1994 848 2027 904 de
2039 851 2115 914 Sien,

1330 943 1357 988 et
1369 933 1393 987 in
1407 934 1455 988 ista
1469 935 1530 996 vita,
1549 935 1575 988 in
1589 934 1638 989 ista
1651 935 1805 991 contusione
1819 937 1906 991 saculi
1923 939 2009 1005 buius.
2026 937 2054 992 in
2065 943 2114 996 ista

1330 1025 1473 1097 Babylonia
1489 1044 1540 1082 non
1556 1029 1630 1083 eires
1645 1028 1804 1091 habitamus,
1829 1030 1874 1084 sed
1895 1032 1990 1099 captivi
2009 1033 2115 1089 denne·

1330 1131 1406 1183 mur;
1417 1128 1521 1188 oportet
1529 1128 1616 1173 utnon
1625 1129 1725 1174 tantum
1737 1120 1973 1187 istadecantetnus,
1982 1124 2028 1177 sed
2040 1133 2067 1180 et
2079 1127 2117 1179 la·

1330 1212 1430 1268 ciamus
1443 1213 1536 1267 allecta
1547 1215 1635 1268 cordis
1651 1215 1705 1284 pio,
1724 1217 1848 1287 religioso
1866 1217 1997 1273 desiderio
2009 1231 2117 1276 retes-teo

1330 1303 1452 1358 civitatis.
1466 1304 1549 1359 ilabet
1567 1315 1594 1359 et
1609 1306 1664 1360 bace
1674 1306 1767 1362 obitas
1781 1324 1840 1377 artae
1853 1311 1994 1383 Babylonia
2009 1311 2116 1379 dieitur,

1329 1405 1462 1451 amatores
1483 1412 1546 1453 suos
1565 1399 1735 1454 eottsnlentes
1755 1401 1813 1471 paci
1836 1404 1983 1473 temporali,
2002 1415 2028 1460 et
2050 1405 2117 1462 nibil

1331 1490 1398 1544 oltra
1411 1500 1558 1560 sperantes,
1574 1501 1710 1562 tottnnque
1720 1494 1844 1563 gaudium
1856 1510 1931 1548 strum
1948 1497 1982 1550 ibi
1994 1496 2114 1566 agentes,

1330 1581 1365 1635 ibi
1380 1581 1509 1646 linientes,
1534 1592 1561 1637 et
1584 1583 1703 1639 ridemus
1726 1599 1773 1640 eus
1792 1601 1840 1655 pro
1858 1587 1990 1654 republica
2012 1598 2116 1643 terrena

1331 1671 1472 1741 plurimum
1484 1672 1627 1728 laborare:
1643 1673 1728 1729 sedet
1744 1674 1769 1728 in
1783 1690 1812 1730 ea
1828 1676 1987 1746 atticumque
2006 1678 2118 1734 fideliter

1331 1772 1477 1829 versantur,
1490 1763 1512 1818 si
1525 1779 1577 1818 non
1589 1765 1622 1818 ibi
1636 1775 1760 1833 appetant
1774 1768 1924 1835 snperbiam
1935 1777 1961 1822 ct
1972 1770 2116 1837 perituram

1330 1853 1470 1908 elationem
1484 1856 1671 1926 odiosamqne¹
1686 1857 1856 1925 jactantiam
1873 1859 1919 1914 sed
1933 1876 2021 1915 veram
2038 1862 2116 1917 sudent

1330 1944 1481 2012 exhibeant,
1502 1963 1581 2014 traam
1595 1958 1714 2017 possunt,
1736 1949 1859 2019 quatndiu
1880 1961 1998 2018 possunt,
2022 1955 2118 2022 auibus

1327 2047 1450 2103 possunt,
1465 2037 1498 2091 ad
1513 2048 1639 2108 quautam
1653 2039 1742 2094 vitient
1756 2051 1871 2107 terrena,
1893 2054 1920 2097 et
1941 2044 1973 2096 ad
1988 2057 2115 2112 nurmtnnt
2212 2077 2214 2084 =

1330 2127 1478 2198 intelligant
1487 2130 1601 2198 speeiem
1612 2130 1738 2193 civitatis,
1751 2146 1803 2185 non
1816 2147 1862 2185 eos
1875 2133 1937 2187 sinit
1948 2133 2018 2188 bitus
2030 2137 2118 2203 perire

1331 2218 1357 2272 in
1370 2219 1512 2290 Babylonia
1527 2237 1534 2274 r
1559 2220 1753 2290 pradestinavit
1768 2223 1839 2277 enirn
1861 2239 1908 2278 ees
1921 2225 1993 2279 eires
2004 2226 2116 2282 Jerusa-

1330 2308 1393 2365 lem.
1415 2310 1537 2380 lntelligit
1557 2313 1734 2381 captivitatem
1753 2331 1844 2369 eornm
1861 2315 1939 2378 betis.
1964 2327 1991 2372 et
2001 2321 2118 2375 ostendit
2149 2320 2152 2336 ’

1331 2400 1383 2454 illis
1394 2401 1471 2456 aliam
1490 2403 1634 2467 civitatem,
1650 2404 1691 2458 cui
1706 2419 1769 2460 sere
1782 2405 1895 2460 debeant
1909 2409 2052 2478 suspirare,
2069 2426 2118 2479 pre

1330 2507 1382 2561 aua
1396 2490 1509 2548 debeant
1530 2504 1624 2548 cerreta
1647 2494 1748 2560 camari,
1772 2495 1804 2548 ad
1827 2512 1905 2566 quam
1928 2500 2117 2568 capessendam

1330 2583 1446 2640 debeant
1464 2586 1538 2640 eires
1550 2601 1613 2642 snos
1634 2602 1724 2642 seeum
1738 2589 1901 2658 peregrinos,
1928 2600 2054 2661 qttantum
2070 2608 2116 2645 aa·

1330 2677 1437 2743 luerint,
1462 2677 1606 2734 adbortrri.
1633 2679 1775 2748 Propterea
1796 2680 1860 2735 dicit
1888 2682 2012 2736 llominns
2038 2683 2117 2740 Jesns

1330 2766 1461 2830 Christus,
1477 2769 1526 2833 Qtti
1536 2772 1561 2822 in
1574 2770 1671 2823 modico
1688 2770 1770 2838 fidelis
1784 2781 1830 2835 est,
1852 2781 1875 2823 et
1886 2772 1913 2824 iu
1932 2790 2021 2843 rrrnpno
2034 2767 2117 2842 fidelis

1331 2869 1387 2914 ert:
1406 2868 1432 2914 et
1452 2875 1554 2913 rursmn
1573 2860 1646 2927 dicit,
1663 2860 1693 2916 Si
1706 2861 1733 2914 iu
1751 2859 1833 2915 alieno
1851 2862 1937 2929 fideles
1954 2880 2004 2917 rtou
2021 2866 2116 2941 fuistis,
2137 2932 2140 2938 Ι

1316 2965 1437 3030 'uestrum
1450 2956 1505 3026 quis
1518 2954 1586 3008 dabit
1596 2955 1663 3009 robis
1678 2953 1752 3025 (Luc.
1767 2970 1821 3020 xvt,
1837 2955 1878 3019 tt),
1893 2954 1959 3026 l2l?

1366 3047 1392 3101 ὅ.
1413 3045 1524 3108 Tarnen,
1535 3045 1694 3110 charissimi,
1707 3047 1835 3101 attendite
1845 3046 1951 3101 ilumina
1962 3047 2114 3120 Babylonis.

1331 3135 1351 3188 F
1354 3136 1451 3189 lentina
1468 3135 1618 3206 lbtirylonis,
1632 3144 1695 3190 sunt
1713 3136 1800 3190 omnia
1818 3152 1877 3205 attae
1897 3136 1939 3191 bic
1953 3147 2076 3193 amantur
2089 3148 2116 3194 et

1331 3234 1478 3280 transeunt.
1494 3225 1589 3281 Nescio
1610 3227 1668 3296 quis
1681 3226 1789 3290 artavit,
1810 3226 1882 3281 uerbi
1897 3227 1991 3296 gratia,
2006 3230 2116 3297 agricul-

1331 3326 1418 3372 turam
1438 3317 1521 3386 ipsam
1544 3333 1680 3384 etereere,
1697 3318 1757 3374 inde
1774 3318 1913 3380 ditescere,
1931 3320 1965 3372 ibi
1987 3335 2117 3391 nccttparo

1330 3409 1457 3472 animant,
1470 3409 1531 3463 inde
1542 3411 1678 3479 percipere
1685 3408 1846 3479 voluptatem
1857 3427 1864 3476 ;
1876 3411 1994 3466 attendat
2004 3413 2115 3479 exitum,

1331 3511 1358 3557 et
1373 3501 1459 3556 uideat
1474 3501 1536 3556 illud
1551 3501 1621 3572 quod
1641 3503 1737 3556 amarit
1760 3517 1813 3556 uort
1835 3518 1895 3557 esse
1915 3501 2116 3559 laudamentum

1330 3591 1488 3658 Jerusalem,
1504 3592 1551 3648 sed
1564 3594 1673 3647 iluviunr
1696 3592 1848 3665 Babylonis.
1873 3593 1949 3649 Alius
1962 3595 2044 3649 dixit:
2060 3596 2116 3650 lla·

1330 3699 1381 3755 gna
1403 3698 1445 3738 res
1459 3693 1500 3738 est
1520 3685 1648 3747 militare:
1670 3699 1762 3739 omues
1779 3685 1901 3755 agricolae
1915 3684 2057 3740 formidant
2069 3701 2116 3741 eos

1331 3772 1375 3845 qni
1391 3774 1512 3838 militant,
1526 3777 1707 3845 obsequuntur
1727 3775 1775 3840 eis,
1791 3784 1908 3830 tremunt
1927 3791 1990 3831 eos:
2006 3779 2028 3832 si
2043 3777 2118 3833 lucro

1330 3865 1571 3936 agricolatintebe
1584 3867 1740 3930 militarem;
1756 3867 1777 3920 si
1793 3866 1866 3920 luero
1881 3867 2014 3931 militaris,
2036 3869 2116 3923 tirno-

1331 3956 1380 4011 bor
1394 3957 1428 4010 ab
1441 3958 1568 4026 agricola.
1582 3956 1604 4010 0
1618 3957 1720 4022 insane,
1736 3957 1762 4010 in
1775 3956 1856 4010 alium
1871 3965 1896 4011 te
1911 3957 2053 4029 Babylonis
2066 3959 2117 4013 lla-

1332 4048 1403 4101 rium
1415 4046 1593 4115 praecipitasti,
1609 4055 1636 4103 et
1650 4061 1709 4099 enm
1725 4046 1942 4100 turbulentiorem
1959 4051 2118 4116 errapneio·

1331 4156 1398 4195 rent.
1419 4138 1517 4193 Timeri
1540 4137 1579 4191 vis
1598 4151 1613 4190 a
1634 4136 1746 4198 minore,
1762 4137 1825 4189 time
1838 4136 2078 4206 majoremzpotest
2092 4148 2118 4194 te

1332 4231 1390 4300 ipso
1403 4229 1486 4299 major
1496 4228 1552 4281 iteri
1565 4226 1661 4291 sabito,
1677 4226 1721 4296 qui
1737 4237 1762 4281 te
1776 4226 1866 4293 timet;
1881 4242 2012 4297 nunquam
2030 4241 2117 4284 antem

1332 4321 1491 4384 criterium,
1507 4334 1585 4389 quern
1598 4316 1679 4373 debes
1693 4317 1796 4372 timere.
1811 4316 1974 4383 Advocatum
1988 4333 2058 4385 esse,
2074 4321 2115 4372 in·

1333 4414 1399 4482 quit.
1416 4427 1509 4482 magna
1523 4426 1565 4466 res
1579 4417 1629 4476 est,
1641 4409 1824 4479 potentissima
1837 4409 2004 4480 eloquentia;
2021 4411 2046 4464 in
2059 4427 2118 4463 om-

1334 4507 1411 4564 nibus
1430 4504 1528 4559 babere
1546 4511 1683 4571 susceptos
1698 4501 1842 4571 pendentes
1865 4516 1898 4555 ex
1921 4501 2008 4571 lingna
2026 4500 2119 4556 diserti

1334 4598 1437 4668 patroni
1452 4597 1503 4661 sui,
1517 4604 1587 4651 etex
1604 4594 1662 4663 ejus
1681 4608 1729 4648 ore
1751 4600 1889 4663 sperantes
1902 4593 1941 4647 vel
1956 4593 2063 4658 damna,
2078 4594 2119 4649 rel

1334 4692 1416 4753 luera,
1431 4689 1470 4743 rel
1482 4695 1606 4750 mortem,
1621 4685 1661 4741 rel
1673 4685 1764 4751 ritant,
1775 4684 1817 4739 vel
1834 4683 1986 4754 perniciem,
1997 4683 2039 4738 vel
2053 4685 2121 4737 sala·

1334 4793 1397 4841 tem.
1407 4780 1498 4835 Nescis
1511 4793 1564 4849 auo
1576 4789 1601 4832 te
1614 4777 1735 4832 miseris:
1746 4777 1813 4832 alins
1827 4785 1854 4831 et
1868 4777 1916 4831 iste
1929 4776 2023 4830 ilarius
2035 4777 2120 4846 Baity-

1334 4875 1403 4931 lonis
1415 4882 1470 4937 est;
1481 4882 1509 4928 et
1521 4870 1591 4941 quod
1604 4869 1715 4924 multum
1729 4878 1814 4932 sonat,
1831 4867 1957 4936 strepitus
1970 4882 2044 4937 aqua
2056 4883 2120 4921 saxa

1335 4965 1457 5038 pereutit.
1473 4965 1588 5018 attende
1600 4961 1662 5032 auia
1675 4960 1742 5026 ituit,
1756 4959 1863 5014 attende
1873 4959 1933 5030 quia
1946 4959 2053 5023 labitur;
2064 4960 2120 5014 etsi

1335 5056 1450 5112 attendis
1463 5056 1522 5126 quia
1538 5055 1595 5108 iltrit
1607 5064 1634 5108 et
1649 5052 1756 5117 labitur,
1773 5066 1837 5104 care
1851 5052 1910 5119 ‹pnia
1932 5049 2020 5103 trabit.
2041 5049 2121 5104 Navi·
2142 5017 2166 5050 ς

1335 5164 1409 5219 gare,
1430 5147 1515 5217 inquit
1533 5147 1611 5210 alius,
1635 5152 1663 5198 et
1685 5143 1812 5212 negotiari
1836 5157 1958 5211 aragnmn
1982 5151 2037 5206 est;
2052 5143 2121 5196 seire

1336 5241 1434 5295 multas
1448 5236 1607 5309 provincias,
1623 5235 1695 5289 luera
1715 5234 1830 5302 undique
1852 5247 1956 5301 capere,
1985 5248 2037 5287 non
2060 5246 2121 5287 esse

1336 5331 1479 5386 obnoxium
1492 5329 1518 5383 io
1533 5326 1639 5383 civitate
1657 5323 1734 5378 alieni
1755 5325 1865 5392 potenti,
1887 5339 1993 5392 semper
2005 5324 2123 5393 peregri·

1337 5423 1406 5487 nari,
1419 5429 1447 5476 et
1457 5419 1610 5474 diversitate
1622 5416 1786 5484 negotiorum
1800 5415 1844 5468 et'
1856 5416 1991 5468 nationum
2004 5415 2121 5468 animum

1338 5527 1456 5584 pascere,
1467 5506 1647 5579 etaugmentis
1660 5506 1791 5560 lucrorum
1802 5505 1909 5560 divitem
1921 5519 2050 5559 remeare.
2059 5501 2122 5558 rtu-

1339 5607 1397 5661 vius
1409 5614 1450 5660 est
1461 5612 1488 5657 et
1502 5602 1551 5654 iste
1565 5597 1716 5670 Babylonis.
1732 5597 1816 5651 Lucra
1829 5606 1870 5649 tna
1882 5595 1987 5665 artando
1997 5595 2122 5649 stabunt?

1339 5697 1445 5770 quando
1458 5700 1676 5765 praesumpturus,
1699 5689 1804 5760 artando
1823 5701 1932 5743 securas
1952 5687 2005 5741 eris
2026 5700 2059 5740 er
2082 5686 2124 5742 bis

1339 5804 1399 5861 aare
1412 5783 1545 5856 acquiris?
1555 5782 1660 5850 Quanto
1672 5781 1726 5837 eris
1739 5779 1828 5842 ditior,
1844 5787 1916 5832 tanto
1931 5776 2056 5832 timidior.
2065 5776 2124 5833 Uno

1342 5878 1477 5950 naufragio
1490 5875 1575 5931 nudus
1588 5874 1681 5940 exibis,
1695 5883 1723 5929 et
1735 5880 1806 5928 reete
1819 5881 1844 5926 te
1857 5871 1964 5941 planges
1978 5871 2004 5925 in
2017 5868 2126 5930 bomine

1374 6053 1432 6102 tsie
1441 6050 1552 6114 plerique
1564 6047 1684 6100 asem
1698 6059 1768 6106 vero,
1782 6044 1933 6105 otiosumane.

1375 6135 1507 6199 retenens
1521 6142 1573 6185 ttss.
1581 6135 1704 6196 mutuant,
1715 6130 1860 6196 repotiartau
1870 6138 1901 6183 et.
